% CHAPTER ONE : MANUSCRIPT ORGANIZATION 
@misc{marr1982vision,
  title={Vision: A Computational Investigation into the Human Representation and Processing of Visual Information},
  author={Marr, David},
  year={1982},
  publisher={Henry Holt and Co., Inc.}
}

@inproceedings{rombach2022high,
  title={High-resolution image synthesis with latent diffusion models},
  author={Rombach, Robin and Blattmann, Andreas and Lorenz, Dominik and Esser, Patrick and Ommer, Bj{\"o}rn},
  booktitle={Proceedings of the IEEE/CVF conference on computer vision and pattern recognition},
  pages={10684--10695},
  year={2022}
}

@article{brown2011active,
  title={Active inference, attention, and motor preparation},
  author={Brown, Harriet and Friston, Karl and Bestmann, Sven},
  journal={Frontiers in psychology},
  volume={2},
  pages={218},
  year={2011},
  publisher={Frontiers Research Foundation}
}

@article{sanchez2023action,
  title={Action monitoring boosts perceptual confidence},
  author={Sanchez, Remi and Davranche, Karen and Gajdos, Thibault and Desantis, Andrea},
  journal={bioRxiv},
  pages={2023--08},
  year={2023},
  publisher={Cold Spring Harbor Laboratory}
}

@article{smith2023imaging,
  title={Imaging Neuroscience opening editorial},
  author={Smith, Stephen and Bergmann, Til Ole and Forstmann, Birte and Dagher, Alain and Keilholz, Shella and Kennedy, Kristen and Kotz, Sonja A and Lustig, Cindy and Pike, Bruce and Tittgemeyer, Marc and others},
  journal={Imaging Neuroscience},
  year={2023}
}

@article{csicsvari2003massively,
  title={Massively parallel recording of unit and local field potentials with silicon-based electrodes},
  author={Csicsvari, Jozsef and Henze, Darrell A and Jamieson, Brian and Harris, Kenneth D and Sirota, Anton and Barth{\'o}, P{\'e}ter and Wise, Kensall D and Buzsaki, Gyorgy},
  journal={Journal of neurophysiology},
  volume={90},
  number={2},
  pages={1314--1323},
  year={2003},
  publisher={American Physiological Society}
}

@article{skottun1991classifying,
  title={Classifying simple and complex cells on the basis of response modulation},
  author={Skottun, Bernt C and De Valois, Russell L and Grosof, David H and Movshon, J Anthony and Albrecht, Duane G and Bonds, AB},
  journal={Vision research},
  volume={31},
  number={7-8},
  pages={1078--1086},
  year={1991},
  publisher={Elsevier}
}

@article{ringach2002orientation,
  title={Orientation selectivity in macaque V1: diversity and laminar dependence},
  author={Ringach, Dario L and Shapley, Robert M and Hawken, Michael J},
  journal={Journal of neuroscience},
  volume={22},
  number={13},
  pages={5639--5651},
  year={2002},
  publisher={Soc Neuroscience}
}

@article{berens2012fast,
  title={A fast and simple population code for orientation in primate V1},
  author={Berens, Philipp and Ecker, Alexander S and Cotton, R James and Ma, Wei Ji and Bethge, Matthias and Tolias, Andreas S},
  journal={Journal of Neuroscience},
  volume={32},
  number={31},
  pages={10618--10626},
  year={2012},
  publisher={Soc Neuroscience}
}

@article{king2014characterizing,
  title={Characterizing the dynamics of mental representations: the temporal generalization method},
  author={King, Jean-R{\'e}mi and Dehaene, Stanislas},
  journal={Trends in cognitive sciences},
  volume={18},
  number={4},
  pages={203--210},
  year={2014},
  publisher={Elsevier}
}

@article{barlow1953summation,
  title={Summation and inhibition in the frog's retina},
  author={Barlow, Horace B},
  journal={The Journal of physiology},
  volume={119},
  number={1},
  pages={69},
  year={1953},
  publisher={Wiley-Blackwell}
}

@article{coppola1998distribution,
  title={The distribution of oriented contours in the real world},
  author={Coppola, David M and Purves, Harriett R and McCoy, Allison N and Purves, Dale},
  journal={Proceedings of the National Academy of Sciences},
  volume={95},
  number={7},
  pages={4002--4006},
  year={1998},
  publisher={National Acad Sciences}
}

@article{boutin2020sparse,
	author = {Boutin, Victor and Franciosini, Angelo and Chavane, Fr{\'e}d{\'e}ric Y and Ruffier, Franck and Perrinet, Laurent U},
	doi = {10.1371/journal.pcbi.1008629},
	grants = {doc-2-amu,phd-icn,mesocentre},
	journal = {PLoS Computational Biology},
	preprint = {https://arxiv.org/abs/1902.07651},
	publisher = {{Public Library of Science San Francisco, CA USA}},
	title = {Sparse {{Deep Predictive Coding}} Captures Contour Integration Capabilities of the Early Visual System},
	year = {2020},
	bdsk-url-1 = {https://doi.org/10.1371/journal.pcbi.1008629}}

@article{o1971hippocampus,
  title={The hippocampus as a spatial map: preliminary evidence from unit activity in the freely-moving rat.},
  author={O'Keefe, John and Dostrovsky, Jonathan},
  journal={Brain research},
  year={1971},
  publisher={Elsevier Science}
}


@article{roy2019towards,
  title={Towards spike-based machine intelligence with neuromorphic computing},
  author={Roy, Kaushik and Jaiswal, Akhilesh and Panda, Priyadarshini},
  journal={Nature},
  volume={575},
  number={7784},
  pages={607--617},
  year={2019},
  publisher={Nature Publishing Group UK London}
}

@article{serre2010neuromorphic,
  title={A neuromorphic approach to computer vision},
  author={Serre, Thomas and Poggio, Tomaso},
  journal={Communications of the ACM},
  volume={53},
  number={10},
  pages={54--61},
  year={2010},
  publisher={ACM New York, NY, USA}
}

@article{creutzfeldt1988extrageniculo,
  title={Extrageniculo-striate visual mechanisms: compartmentalization of visual functions},
  author={Creutzfeldt, OD},
  journal={Progress in Brain Research},
  volume={75},
  pages={307--320},
  year={1988},
  publisher={Elsevier}
}

@article{velez2014stimulus,
  title={The stimulus selectivity and connectivity of layer six principal cells reveals cortical microcircuits underlying visual processing},
  author={V{\'e}lez-Fort, Mateo and Rousseau, Charly V and Niedworok, Christian J and Wickersham, Ian R and Rancz, Ede A and Brown, Alexander PY and Strom, Molly and Margrie, Troy W},
  journal={Neuron},
  volume={83},
  number={6},
  pages={1431--1443},
  year={2014},
  publisher={Elsevier}
}

@article{galloni2020apical,
  title={Apical length governs computational diversity of layer 5 pyramidal neurons},
  author={Galloni, Alessandro R and Laffere, Aeron and Rancz, Ede},
  journal={Elife},
  volume={9},
  pages={e55761},
  year={2020},
  publisher={eLife Sciences Publications, Ltd}
}

@article{ladret2023imgs,
    author = {Ladret, Hugo},
    title = {HD natural images database for sparse coding},
    year = {2023},
    journal = {FigShare},
    doi = {"10.6084/m9.figshare.24167265.v1"}
}

@article{grimaldi2022precise,
  title={Precise Spiking Motifs in Neurobiological and Neuromorphic Data},
  author={Grimaldi, Antoine and Gruel, Am{\'e}lie and Besnainou, Camille and J{\'e}r{\'e}mie, Jean-Nicolas and Martinet, Jean and Perrinet, Laurent U},
  journal={Brain Sciences},
  volume={13},
  number={1},
  pages={68},
  year={2022},
  publisher={MDPI}
}

@article{schultz1997neural,
  title={A neural substrate of prediction and reward},
  author={Schultz, Wolfram and Dayan, Peter and Montague, P Read},
  journal={Science},
  volume={275},
  number={5306},
  pages={1593--1599},
  year={1997},
  publisher={American Association for the Advancement of Science}
}

@article{fiorillo2008temporal,
  title={The temporal precision of reward prediction in dopamine neurons},
  author={Fiorillo, Christopher D and Newsome, William T and Schultz, Wolfram},
  journal={Nature neuroscience},
  volume={11},
  number={8},
  pages={966--973},
  year={2008},
  publisher={Nature Publishing Group US New York}
}

@article{friston2023computational,
  title={Computational psychiatry: from synapses to sentience},
  author={Friston, Karl},
  journal={Molecular psychiatry},
  volume={28},
  number={1},
  pages={256--268},
  year={2023},
  publisher={Nature Publishing Group UK London}
}

@article{alamia2023oscillatory,
  title={Oscillatory traveling waves reveal predictive coding abnormalities in schizophrenia},
  author={Alamia, Andrea and Gordillo, Dario and Chkonia, Eka and Roinishvili, Maya and Cappe, Celine and Herzog, Michael H},
  journal={bioRxiv},
  pages={2023--10},
  year={2023},
  publisher={Cold Spring Harbor Laboratory}
}

@article{koblinger2021representations,
  title={Representations of uncertainty: where art thou?},
  author={Koblinger, {\'A}d{\'a}m and Fiser, J{\'o}zsef and Lengyel, M{\'a}t{\'e}},
  journal={Current Opinion in Behavioral Sciences},
  volume={38},
  pages={150--162},
  year={2021},
  publisher={Elsevier}
}

@article{brown2007abnormal,
  title={Abnormal oscillatory synchronisation in the motor system leads to impaired movement},
  author={Brown, Peter},
  journal={Current opinion in neurobiology},
  volume={17},
  number={6},
  pages={656--664},
  year={2007},
  publisher={Elsevier}
}

@article{moran2013free,
  title={Free energy, precision and learning: the role of cholinergic neuromodulation},
  author={Moran, Rosalyn J and Campo, Pablo and Symmonds, Mkael and Stephan, Klaas E and Dolan, Raymond J and Friston, Karl J},
  journal={Journal of Neuroscience},
  volume={33},
  number={19},
  pages={8227--8236},
  year={2013},
  publisher={Soc Neuroscience}
}

@article{buzsaki2012origin,
  title={The origin of extracellular fields and currents—EEG, ECoG, LFP and spikes},
  author={Buzs{\'a}ki, Gy{\"o}rgy and Anastassiou, Costas A and Koch, Christof},
  journal={Nature reviews neuroscience},
  volume={13},
  number={6},
  pages={407--420},
  year={2012},
  publisher={Nature Publishing Group UK London}
}

@article{villeneuve2003use,
  title={On the use of isoflurane versus halothane in the study of visual response properties of single cells in the primary visual cortex},
  author={Villeneuve, Martin Y and Casanova, Christian},
  journal={Journal of neuroscience methods},
  volume={129},
  number={1},
  pages={19--31},
  year={2003},
  publisher={Elsevier}
}

@inproceedings{wohlberg2017sporco,
  title={SPORCO: A Python package for standard and convolutional sparse representations},
  author={Wohlberg, Brendt},
  booktitle={Proceedings of the 15th Python in Science Conference, Austin, TX, USA},
  pages={1--8},
  year={2017}
}

@article{rumelhart1986learning,
  title={Learning representations by back-propagating errors},
  author={Rumelhart, David E and Hinton, Geoffrey E and Williams, Ronald J},
  journal={nature},
  volume={323},
  number={6088},
  pages={533--536},
  year={1986},
  publisher={Nature Publishing Group UK London}
}

@article{geurts2021reported,
  title={Reported confidence is based on imprecision in visual cortical stimulus representations},
  author={Geurts, Laura S and van Bergen, Ruben S and Cooke, James RH and Jehee, Janneke FM},
  journal={Journal of Vision},
  volume={21},
  number={9},
  pages={1918--1918},
  year={2021},
  publisher={The Association for Research in Vision and Ophthalmology}
}

@article{silver2010neuronal,
  title={Neuronal arithmetic},
  author={Silver, R Angus},
  journal={Nature Reviews Neuroscience},
  volume={11},
  number={7},
  pages={474--489},
  year={2010},
  publisher={Nature Publishing Group UK London}
}

@article{friston2019waves,
  title={Waves of prediction},
  author={Friston, Karl J},
  journal={PLoS biology},
  volume={17},
  number={10},
  pages={e3000426},
  year={2019},
  publisher={Public Library of Science San Francisco, CA USA}
}

@article{bruyns2017neurogenesis,
  title={The neurogenesis of P1 and N1: A concurrent EEG/LFP study},
  author={Bruyns-Haylett, Michael and Luo, Jingjing and Kennerley, Aneurin J and Harris, Sam and Boorman, Luke and Milne, Elizabeth and Vautrelle, Nicolas and Hayashi, Yurie and Whalley, Benjamin J and Jones, Myles and others},
  journal={Neuroimage},
  volume={146},
  pages={575--588},
  year={2017},
  publisher={Elsevier}
}

@article{kok2012attention,
  title={Attention reverses the effect of prediction in silencing sensory signals},
  author={Kok, Peter and Rahnev, Dobromir and Jehee, Janneke FM and Lau, Hakwan C and De Lange, Floris P},
  journal={Cerebral cortex},
  volume={22},
  number={9},
  pages={2197--2206},
  year={2012},
  publisher={Oxford University Press}
}

@article{keller2012sensorimotor,
  title={Sensorimotor mismatch signals in primary visual cortex of the behaving mouse},
  author={Keller, Georg B and Bonhoeffer, Tobias and H{\"u}bener, Mark},
  journal={Neuron},
  volume={74},
  number={5},
  pages={809--815},
  year={2012},
  publisher={Elsevier}
}

@article{senoussi2019attention,
  title={Attention explores space periodically at the theta frequency},
  author={Senoussi, Mehdi and Moreland, James C and Busch, Niko A and Dugu{\'e}, Laura},
  journal={Journal of Vision},
  volume={19},
  number={5},
  pages={22--22},
  year={2019},
  publisher={The Association for Research in Vision and Ophthalmology}
}

@article{dugue2011phase,
  title={The phase of ongoing oscillations mediates the causal relation between brain excitation and visual perception},
  author={Dugu{\'e}, Laura and Marque, Philippe and VanRullen, Rufin},
  journal={Journal of neuroscience},
  volume={31},
  number={33},
  pages={11889--11893},
  year={2011},
  publisher={Soc Neuroscience}
}

@article{michel2022distinct,
  title={Distinct contributions of alpha and theta rhythms to perceptual and attentional sampling},
  author={Michel, Ren{\'e} and Dugu{\'e}, Laura and Busch, Niko A},
  journal={European Journal of Neuroscience},
  volume={55},
  number={11-12},
  pages={3025--3039},
  year={2022},
  publisher={Wiley Online Library}
}

@article{vaucher1997cholinergic,
  title={Cholinergic basal forebrain projections to nitric oxide synthase-containing neurons in the rat cerebral cortex},
  author={Vaucher, E and Linville, D and Hamel, E},
  journal={Neuroscience},
  volume={79},
  number={3},
  pages={827--836},
  year={1997},
  publisher={Elsevier}
}

@article{kang2014boosting,
  title={Boosting visual cortex function and plasticity with acetylcholine to enhance visual perception},
  author={Kang, Jun Il and Hupp{\'e}-Gourgues, Fr{\'e}d{\'e}ric and Vaucher, Elvire},
  journal={Frontiers in systems neuroscience},
  pages={172},
  year={2014},
  publisher={Frontiers}
}

@article{abbott2005drivers,
  title={Drivers and modulators from push-pull and balanced synaptic input},
  author={Abbott, Larry F and Chance, Frances S},
  journal={Progress in brain research},
  volume={149},
  pages={147--155},
  year={2005},
  publisher={Elsevier}
}

@article{sherman1998actions,
  title={On the actions that one nerve cell can have on another: distinguishing “drivers” from “modulators”},
  author={Sherman, S Murray and Guillery, RW},
  journal={Proceedings of the National Academy of Sciences},
  volume={95},
  number={12},
  pages={7121--7126},
  year={1998},
  publisher={National Acad Sciences}
}

@article{guillery2002thalamus,
  title={The thalamus as a monitor of motor outputs},
  author={Guillery, RW and Sherman, SM},
  journal={Philosophical Transactions of the Royal Society of London. Series B: Biological Sciences},
  volume={357},
  number={1428},
  pages={1809--1821},
  year={2002},
  publisher={The Royal Society}
}

@article{villeneuve2012pattern,
  title={Pattern-motion selective responses in MT, MST and the pulvinar of humans},
  author={Villeneuve, MY and Thompson, B and Hess, RF and Casanova, C},
  journal={European Journal of Neuroscience},
  volume={36},
  number={6},
  pages={2849--2858},
  year={2012},
  publisher={Wiley Online Library}
}

@article{merabet1998motion,
  title={Motion integration in a thalamic visual nucleus},
  author={Merabet, Lotfi and Desautels, Alex and Minville, Karine and Casanova, Christian},
  journal={Nature},
  volume={396},
  number={6708},
  pages={265--268},
  year={1998},
  publisher={Nature Publishing Group UK London}
}

@book{werner2004visual,
  title={The visual neurosciences},
  author={Werner, John Simon and Chalupa, Leo M},
  year={2004},
  publisher={Mit Press}
}

@article{arcaro2015anatomical,
  title={The anatomical and functional organization of the human visual pulvinar},
  author={Arcaro, Michael J and Pinsk, Mark A and Kastner, Sabine},
  journal={Journal of Neuroscience},
  volume={35},
  number={27},
  pages={9848--9871},
  year={2015},
  publisher={Soc Neuroscience}
}

@article{shipp2003functional,
  title={The functional logic of cortico--pulvinar connections},
  author={Shipp, S},
  journal={Philosophical Transactions of the Royal Society of London. Series B: Biological Sciences},
  volume={358},
  number={1438},
  pages={1605--1624},
  year={2003},
  publisher={The Royal Society}
}

@book{jones2012thalamus,
  title={The thalamus},
  author={Jones, Edward G},
  year={2012},
  publisher={Springer Science \& Business Media}
}

@article{hutchins1989retinotopic,
  title={Retinotopic organization within the lateral posterior complex of the cat},
  author={Hutchins, Bob and Updyke, BV},
  journal={Journal of Comparative Neurology},
  volume={285},
  number={3},
  pages={350--398},
  year={1989},
  publisher={Wiley Online Library}
}

@article{eshraghian2023training,
  title={Training spiking neural networks using lessons from deep learning},
  author={Eshraghian, Jason K and Ward, Max and Neftci, Emre O and Wang, Xinxin and Lenz, Gregor and Dwivedi, Girish and Bennamoun, Mohammed and Jeong, Doo Seok and Lu, Wei D},
  journal={Proceedings of the IEEE},
  year={2023},
  publisher={IEEE}
}

@article{rozell2008sparse,
  title={Sparse coding via thresholding and local competition in neural circuits},
  author={Rozell, Christopher J and Johnson, Don H and Baraniuk, Richard G and Olshausen, Bruno A},
  journal={Neural computation},
  volume={20},
  number={10},
  pages={2526--2563},
  year={2008},
  publisher={MIT Press One Rogers Street, Cambridge, MA 02142-1209, USA journals-info~…}
}

@article{krizhevsky2012imagenet,
  title={Imagenet classification with deep convolutional neural networks},
  author={Krizhevsky, Alex and Sutskever, Ilya and Hinton, Geoffrey E},
  journal={Advances in neural information processing systems},
  volume={25},
  year={2012}
}

@article{olshausen1997sparse,
  title={Sparse coding with an overcomplete basis set: A strategy employed by V1?},
  author={Olshausen, Bruno A and Field, David J},
  journal={Vision research},
  volume={37},
  number={23},
  pages={3311--3325},
  year={1997},
  publisher={Elsevier}
}

@article{olshausen1996emergence,
  title={Emergence of simple-cell receptive field properties by learning a sparse code for natural images},
  author={Olshausen, Bruno A and Field, David J},
  journal={Nature},
  volume={381},
  number={6583},
  pages={607--609},
  year={1996},
  publisher={Nature Publishing Group UK London}
}

@article{perrett1982visual,
  title={Visual neurones responsive to faces in the monkey temporal cortex},
  author={Perrett, David I and Rolls, Edmond T and Caan, Woody},
  journal={Experimental brain research},
  volume={47},
  pages={329--342},
  year={1982},
  publisher={Springer}
}

@article{hafting2005microstructure,
  title={Microstructure of a spatial map in the entorhinal cortex},
  author={Hafting, Torkel and Fyhn, Marianne and Molden, Sturla and Moser, May-Britt and Moser, Edvard I},
  journal={Nature},
  volume={436},
  number={7052},
  pages={801--806},
  year={2005},
  publisher={Nature Publishing Group UK London}
}

@article{damasse2018reinforcement,
  title={Reinforcement effects in anticipatory smooth eye movements},
  author={Damasse, Jean-Bernard and Perrinet, Laurent U and Madelain, Laurent and Montagnini, Anna},
  journal={Journal of Vision},
  volume={18},
  number={11},
  pages={14--14},
  year={2018},
  publisher={The Association for Research in Vision and Ophthalmology}
}

@article{neher1992patch,
  title={The patch clamp technique},
  author={Neher, Erwin and Sakmann, Bert},
  journal={Scientific American},
  volume={266},
  number={3},
  pages={44--51},
  year={1992},
  publisher={JSTOR}
}

@article{lamme1998feedforward,
  title={Feedforward, horizontal, and feedback processing in the visual cortex},
  author={Lamme, Victor AF and Super, Hans and Spekreijse, Henk},
  journal={Current opinion in neurobiology},
  volume={8},
  number={4},
  pages={529--535},
  year={1998},
  publisher={Elsevier}
}

@article{camon2019timing,
  title={The timing of sensory-guided behavioral response is represented in the mouse primary somatosensory cortex},
  author={Camon, J{\'e}r{\'e}my and Hugues, Sandrine and Erlandson, Melissa A and Robbe, David and Lagoun, Sabria and Marouane, Emna and Bureau, Ingrid},
  journal={Cerebral Cortex},
  volume={29},
  number={7},
  pages={3034--3047},
  year={2019},
  publisher={Oxford University Press}
}

@article{belin2011understanding,
  title={Understanding voice perception},
  author={Belin, Pascal and Bestelmeyer, Patricia EG and Latinus, Marianne and Watson, Rebecca},
  journal={British Journal of Psychology},
  volume={102},
  number={4},
  pages={711--725},
  year={2011},
  publisher={Wiley Online Library}
}

@article{keller2018predictive,
  title={Predictive processing: a canonical cortical computation},
  author={Keller, Georg B and Mrsic-Flogel, Thomas D},
  journal={Neuron},
  volume={100},
  number={2},
  pages={424--435},
  year={2018},
  publisher={Elsevier}
}

@article{carandini2012normalization,
  title={Normalization as a canonical neural computation},
  author={Carandini, Matteo and Heeger, David J},
  journal={Nature Reviews Neuroscience},
  volume={13},
  number={1},
  pages={51--62},
  year={2012},
  publisher={Nature Publishing Group UK London}
}

@article{baddeley1991statistical,
  title={A statistical analysis of natural images matches psychophysically derived orientation tuning curves},
  author={Baddeley, Roland J and Hancock, Peter JB},
  journal={Proceedings of the Royal Society of London. Series B: Biological Sciences},
  volume={246},
  number={1317},
  pages={219--223},
  year={1991},
  publisher={The Royal Society London}
}

@article{eichhorn2009natural,
  title={Natural image coding in V1: how much use is orientation selectivity?},
  author={Eichhorn, Jan and Sinz, Fabian and Bethge, Matthias},
  journal={PLoS computational biology},
  volume={5},
  number={4},
  pages={e1000336},
  year={2009},
  publisher={Public Library of Science San Francisco, USA}
}

@article{field1987relations,
  title={Relations between the statistics of natural images and the response properties of cortical cells},
  author={Field, David J},
  journal={Josa a},
  volume={4},
  number={12},
  pages={2379--2394},
  year={1987},
  publisher={Optica Publishing Group}
}

@article{van1992information,
  title={Information processing in the primate visual system: an integrated systems perspective},
  author={Van Essen, David C and Anderson, Charles H and Felleman, Daniel J},
  journal={Science},
  volume={255},
  number={5043},
  pages={419--423},
  year={1992},
  publisher={American Association for the Advancement of Science}
}

@article{leon2012motion,
  title={Motion clouds: model-based stimulus synthesis of natural-like random textures for the study of motion perception},
  author={Leon, Paula Sanz and Vanzetta, Ivo and Masson, Guillaume S and Perrinet, Laurent U},
  journal={Journal of neurophysiology},
  volume={107},
  number={11},
  pages={3217--3226},
  year={2012},
  publisher={American Physiological Society Bethesda, MD}
}

@article{herreras2016local,
  title={Local field potentials: myths and misunderstandings},
  author={Herreras, Oscar},
  journal={Frontiers in neural circuits},
  volume={10},
  pages={101},
  year={2016},
  publisher={Frontiers Media SA}
}

@article{millett2001hans,
  title={Hans Berger: From psychic energy to the EEG},
  author={Millett, David},
  journal={Perspectives in biology and medicine},
  volume={44},
  number={4},
  pages={522--542},
  year={2001},
  publisher={Johns Hopkins University Press}
}

@article{schneider2023learnable,
  title={Learnable latent embeddings for joint behavioural and neural analysis},
  author={Schneider, Steffen and Lee, Jin Hwa and Mathis, Mackenzie Weygandt},
  journal={Nature},
  pages={1--9},
  year={2023},
  publisher={Nature Publishing Group UK London}
}

@article{chung2021neural,
  title={Neural population geometry: An approach for understanding biological and artificial neural networks},
  author={Chung, SueYeon and Abbott, LF},
  journal={Current opinion in neurobiology},
  volume={70},
  pages={137--144},
  year={2021},
  publisher={Elsevier}
}

@book{bishop2006pattern,
  title={Pattern recognition and machine learning},
  author={Bishop, Christopher M and Nasrabadi, Nasser M},
  volume={4},
  number={4},
  year={2006},
  publisher={Springer}
}

@article{glaser2020machine,
  title={Machine learning for neural decoding},
  author={Glaser, Joshua I and Benjamin, Ari S and Chowdhury, Raeed H and Perich, Matthew G and Miller, Lee E and Kording, Konrad P},
  journal={Eneuro},
  volume={7},
  number={4},
  year={2020},
  publisher={Society for Neuroscience}
}

@article{meyers2013neural,
  title={The neural decoding toolbox},
  author={Meyers, Ethan M},
  journal={Frontiers in neuroinformatics},
  volume={7},
  pages={8},
  year={2013},
  publisher={Frontiers Media SA}
}

@article{nougaret2023distinct,
  title={Distinct sources and behavioral correlates of macaque motor cortical low and high beta},
  author={Nougaret, Simon and Lopez-Galdo, Laura and Caytan, Emile and Poitreau, Julien and Barthelemy, Frederic V and Kilavik, Bj{\o}rg Elisabeth},
  journal={bioRxiv},
  pages={2023--03},
  year={2023},
  publisher={Cold Spring Harbor Laboratory}
}

@article{engel1992temporal,
  title={Temporal coding in the visual cortex: new vistas on integration in the nervous system},
  author={Engel, Andreas K and K{\"o}nig, Peter and Kreiter, Andreas K and Schillen, Thomas B and Singer, Wolf},
  journal={Trends in neurosciences},
  volume={15},
  number={6},
  pages={218--226},
  year={1992},
  publisher={Elsevier}
}

@article{phillips2016neurovascular,
  title={Neurovascular coupling in humans: physiology, methodological advances and clinical implications},
  author={Phillips, Aaron A and Chan, Franco HN and Zheng, Mei Mu Zi and Krassioukov, Andrei V and Ainslie, Philip N},
  journal={Journal of Cerebral Blood Flow \& Metabolism},
  volume={36},
  number={4},
  pages={647--664},
  year={2016},
  publisher={SAGE Publications Sage UK: London, England}
}

@article{worsley1995analysis,
  title={Analysis of fMRI time-series revisited—again},
  author={Worsley, Keith J and Friston, Karl J},
  journal={Neuroimage},
  volume={2},
  number={3},
  pages={173--181},
  year={1995},
  publisher={Elsevier}
}

@article{logothetis2008we,
  title={What we can do and what we cannot do with fMRI},
  author={Logothetis, Nikos K},
  journal={Nature},
  volume={453},
  number={7197},
  pages={869--878},
  year={2008},
  publisher={Nature Publishing Group UK London}
}

@article{covic2011synaptic,
  title={Synaptic properties of connections between the primary and secondary auditory cortices in mice},
  author={Covic, Elise N and Sherman, S Murray},
  journal={Cerebral Cortex},
  volume={21},
  number={11},
  pages={2425--2441},
  year={2011},
  publisher={Oxford University Press}
}

@article{poort2012role,
  title={The role of attention in figure-ground segregation in areas V1 and V4 of the visual cortex},
  author={Poort, Jasper and Raudies, Florian and Wannig, Aurel and Lamme, Victor AF and Neumann, Heiko and Roelfsema, Pieter R},
  journal={Neuron},
  volume={75},
  number={1},
  pages={143--156},
  year={2012},
  publisher={Elsevier}
}

@article{chance1999complex,
  title={Complex cells as cortically amplified simple cells},
  author={Chance, Frances S and Nelson, Sacha B and Abbott, Larry F},
  journal={Nature neuroscience},
  volume={2},
  number={3},
  pages={277--282},
  year={1999},
  publisher={Nature Publishing Group}
}

@article{hansel2012mechanism,
  title={The mechanism of orientation selectivity in primary visual cortex without a functional map},
  author={Hansel, David and van Vreeswijk, Carl},
  journal={Journal of Neuroscience},
  volume={32},
  number={12},
  pages={4049--4064},
  year={2012},
  publisher={Soc Neuroscience}
}

@article{jang2020retino,
  title={Retino-cortical mapping ratio predicts columnar and salt-and-pepper organization in mammalian visual cortex},
  author={Jang, Jaeson and Song, Min and Paik, Se-Bum},
  journal={Cell reports},
  volume={30},
  number={10},
  pages={3270--3279},
  year={2020},
  publisher={Elsevier}
}

@article{vidyasagar2015origins,
  title={Origins of feature selectivities and maps in the mammalian primary visual cortex},
  author={Vidyasagar, Trichur R and Eysel, Ulf T},
  journal={Trends in neurosciences},
  volume={38},
  number={8},
  pages={475--485},
  year={2015},
  publisher={Elsevier}
}

@article{vidyasagar1996multiple,
  title={Multiple mechanisms underlying the orientation selectivity of visual cortical neurones},
  author={Vidyasagar, TR and Pei, X and Volgushev, M},
  journal={Trends in neurosciences},
  volume={19},
  number={7},
  pages={272--277},
  year={1996},
  publisher={Elsevier}
}

@article{priebe2012mechanisms,
  title={Mechanisms of neuronal computation in mammalian visual cortex},
  author={Priebe, Nicholas J and Ferster, David},
  journal={Neuron},
  volume={75},
  number={2},
  pages={194--208},
  year={2012},
  publisher={Elsevier}
}

@article{kara2002spatial,
  title={The spatial receptive field of thalamic inputs to single cortical simple cells revealed by the interaction of visual and electrical stimulation},
  author={Kara, Prakash and Pezaris, John S and Yurgenson, Sergey and Reid, R Clay},
  journal={Proceedings of the National Academy of Sciences},
  volume={99},
  number={25},
  pages={16261--16266},
  year={2002},
  publisher={National Acad Sciences}
}

@article{van2013transformation,
  title={Transformation of receptive field properties from lateral geniculate nucleus to superficial V1 in the tree shrew},
  author={Van Hooser, Stephen D and Roy, Arani and Rhodes, Heather J and Culp, Julie H and Fitzpatrick, David},
  journal={Journal of Neuroscience},
  volume={33},
  number={28},
  pages={11494--11505},
  year={2013},
  publisher={Soc Neuroscience}
}

@article{tan2011orientation,
  title={Orientation selectivity of synaptic input to neurons in mouse and cat primary visual cortex},
  author={Tan, Andrew YY and Brown, Brandon D and Scholl, Benjamin and Mohanty, Deepankar and Priebe, Nicholas J},
  journal={Journal of Neuroscience},
  volume={31},
  number={34},
  pages={12339--12350},
  year={2011},
  publisher={Soc Neuroscience}
}

@article{xu2002primate,
  title={Are primate lateral geniculate nucleus (LGN) cells really sensitive to orientation or direction?},
  author={Xu, Xiangmin and Ichida, Jennifer and Shostak, Yuri and Bonds, AB and Casagrande, Vivien A},
  journal={Visual neuroscience},
  volume={19},
  number={1},
  pages={97--108},
  year={2002},
  publisher={Cambridge University Press}
}

@article{ferster1996orientation,
  title={Orientation selectivity of thalamic input to simple cells of cat visual cortex},
  author={Ferster, David and Chung, Sooyoung and Wheat, Heidi},
  journal={Nature},
  volume={380},
  number={6571},
  pages={249--252},
  year={1996},
  publisher={Nature Publishing Group UK London}
}

@article{chapman1991relation,
  title={Relation of cortical cell orientation selectivity to alignment of receptive fields of the geniculocortical afferents that arborize within a single orientation column in ferret visual cortex},
  author={Chapman, Barbara and Zahs, Kathleen R and Stryker, Michael P},
  journal={Journal of Neuroscience},
  volume={11},
  number={5},
  pages={1347--1358},
  year={1991},
  publisher={Soc Neuroscience}
}

@article{ferster1986orientation,
  title={Orientation selectivity of synaptic potentials in neurons of cat primary visual cortex},
  author={Ferster, David},
  journal={Journal of Neuroscience},
  volume={6},
  number={5},
  pages={1284--1301},
  year={1986},
  publisher={Soc Neuroscience}
}

@article{murphy1987corticofugal,
  title={Corticofugal feedback influences the generation of length tuning in the visual pathway},
  author={Murphy, PC and Sillito, AM},
  journal={Nature},
  volume={329},
  number={6141},
  pages={727--729},
  year={1987},
  publisher={Nature Publishing Group UK London}
}

@article{wozny2011specificity,
  title={Specificity of synaptic connectivity between layer 1 inhibitory interneurons and layer 2/3 pyramidal neurons in the rat neocortex},
  author={Wozny, Christian and Williams, Stephen R},
  journal={Cerebral cortex},
  volume={21},
  number={8},
  pages={1818--1826},
  year={2011},
  publisher={Oxford University Press}
}

@book{hansen2010meg,
  title={MEG: An introduction to methods},
  author={Hansen, Peter and Kringelbach, Morten and Salmelin, Riitta},
  year={2010},
  publisher={Oxford university press}
}

@article{kreiman2020beyond,
  title={Beyond the feedforward sweep: feedback computations in the visual cortex},
  author={Kreiman, Gabriel and Serre, Thomas},
  journal={Annals of the New York Academy of Sciences},
  volume={1464},
  number={1},
  pages={222--241},
  year={2020},
  publisher={Wiley Online Library}
}

@article{friston2016active,
  title={Active inference and learning},
  author={Friston, Karl and FitzGerald, Thomas and Rigoli, Francesco and Schwartenbeck, Philipp and Pezzulo, Giovanni and others},
  journal={Neuroscience \& Biobehavioral Reviews},
  volume={68},
  pages={862--879},
  year={2016},
  publisher={Elsevier}
}

@article{von1950reafferenzprinzip,
  title={Das reafferenzprinzip: wechselwirkungen zwischen zentralnervensystem und peripherie},
  author={Von Holst, Erich and Mittelstaedt, Horst},
  journal={Naturwissenschaften},
  volume={37},
  number={20},
  pages={464--476},
  year={1950},
  publisher={Springer}
}

@article{kirschstein2009source,
  title={What is the source of the EEG?},
  author={Kirschstein, Timo and K{\"o}hling, R{\"u}diger},
  journal={Clinical EEG and neuroscience},
  volume={40},
  number={3},
  pages={146--149},
  year={2009},
  publisher={SAGE Publications Sage CA: Los Angeles, CA}
}

@article{chemla2010biophysical,
  title={A biophysical cortical column model to study the multi-component origin of the VSDI signal},
  author={Chemla, Sandrine and Chavane, Frederic},
  journal={NeuroImage},
  volume={53},
  number={2},
  pages={420--438},
  year={2010},
  publisher={Elsevier}
}

@article{chemla2010voltage,
  title={Voltage-sensitive dye imaging: Technique review and models},
  author={Chemla, S and Chavane, F},
  journal={Journal of Physiology-Paris},
  volume={104},
  number={1-2},
  pages={40--50},
  year={2010},
  publisher={Elsevier}
}

@article{cheng2011simultaneous,
  title={Simultaneous two-photon calcium imaging at different depths with spatiotemporal multiplexing},
  author={Cheng, Adrian and Goncalves, J Tiago and Golshani, Peyman and Arisaka, Katsushi and Portera-Cailliau, Carlos},
  journal={Nature methods},
  volume={8},
  number={2},
  pages={139--142},
  year={2011},
  publisher={Nature Publishing Group US New York}
}

@article{stringer2019high,
  title={High-dimensional geometry of population responses in visual cortex},
  author={Stringer, Carsen and Pachitariu, Marius and Steinmetz, Nicholas and Carandini, Matteo and Harris, Kenneth D},
  journal={Nature},
  volume={571},
  number={7765},
  pages={361--365},
  year={2019},
  publisher={Nature Publishing Group UK London}
}

@article{friedrich2017fast,
  title={Fast online deconvolution of calcium imaging data},
  author={Friedrich, Johannes and Zhou, Pengcheng and Paninski, Liam},
  journal={PLoS computational biology},
  volume={13},
  number={3},
  pages={e1005423},
  year={2017},
  publisher={Public Library of Science San Francisco, CA USA}
}

@article{stosiek2003vivo,
  title={In vivo two-photon calcium imaging of neuronal networks},
  author={Stosiek, Christoph and Garashuk, Olga and Holthoff, Knut and Konnerth, Arthur},
  journal={Proceedings of the National Academy of Sciences},
  volume={100},
  number={12},
  pages={7319--7324},
  year={2003},
  publisher={National Acad Sciences}
}

@article{kajikawa2011local,
  title={How local is the local field potential?},
  author={Kajikawa, Yoshinao and Schroeder, Charles E},
  journal={Neuron},
  volume={72},
  number={5},
  pages={847--858},
  year={2011},
  publisher={Elsevier}
}

@article{schaefer2015quantification,
  title={Quantification of mid and late evoked sinks in laminar current source density profiles of columns in the primary auditory cortex},
  author={Schaefer, Markus K and Hechavarria, Julio C and K{\"o}ssl, Manfred},
  journal={Frontiers in neural circuits},
  volume={9},
  pages={52},
  year={2015},
  publisher={Frontiers Media SA}
}

@article{steinmetz2021neuropixels,
  title={Neuropixels 2.0: A miniaturized high-density probe for stable, long-term brain recordings},
  author={Steinmetz, Nicholas A and Aydin, Cagatay and Lebedeva, Anna and Okun, Michael and Pachitariu, Marius and Bauza, Marius and Beau, Maxime and Bhagat, Jai and B{\"o}hm, Claudia and Broux, Martijn and others},
  journal={Science},
  volume={372},
  number={6539},
  pages={eabf4588},
  year={2021},
  publisher={American Association for the Advancement of Science}
}

@article{steinmetz2018challenges,
  title={Challenges and opportunities for large-scale electrophysiology with Neuropixels probes},
  author={Steinmetz, Nicholas A and Koch, Christof and Harris, Kenneth D and Carandini, Matteo},
  journal={Current opinion in neurobiology},
  volume={50},
  pages={92--100},
  year={2018},
  publisher={Elsevier}
}

@article{pachitariu2016kilosort,
  title={Kilosort: realtime spike-sorting for extracellular electrophysiology with hundreds of channels},
  author={Pachitariu, Marius and Steinmetz, Nicholas and Kadir, Shabnam and Carandini, Matteo and Kenneth D, Harris},
  journal={BioRxiv},
  pages={061481},
  year={2016},
  publisher={Cold Spring Harbor Laboratory}
}

@article{rossant2016spike,
  title={Spike sorting for large, dense electrode arrays},
  author={Rossant, Cyrille and Kadir, Shabnam N and Goodman, Dan FM and Schulman, John and Hunter, Maximilian LD and Saleem, Aman B and Grosmark, Andres and Belluscio, Mariano and Denfield, George H and Ecker, Alexander S and others},
  journal={Nature neuroscience},
  volume={19},
  number={4},
  pages={634--641},
  year={2016},
  publisher={Nature Publishing Group US New York}
}

@article{garrido2022understanding,
  title={Understanding the development and use of tools in neuroscience: the case of the tungsten micro-electrode},
  author={Garrido Wainer, Juan Manuel},
  journal={Synthese},
  volume={200},
  number={6},
  pages={446},
  year={2022},
  publisher={Springer}
}

@article{sakmann1984patch,
  title={Patch clamp techniques for studying ionic channels in excitable membranes},
  author={Sakmann, Bert and Neher, Erwin},
  journal={Annual review of physiology},
  volume={46},
  number={1},
  pages={455--472},
  year={1984},
  publisher={Annual Reviews 4139 El Camino Way, PO Box 10139, Palo Alto, CA 94303-0139, USA}
}

@book{sterling2015principles,
  title={Principles of neural design},
  author={Sterling, Peter and Laughlin, Simon},
  year={2015},
  publisher={MIT press}
}

@article{de2020pulvinar,
  title={Pulvinar modulates contrast responses in the visual cortex as a function of cortical hierarchy},
  author={de Souza, Bruno Oliveira Ferreira and Cortes, Nelson and Casanova, Christian},
  journal={Cerebral Cortex},
  volume={30},
  number={3},
  pages={1068--1086},
  year={2020},
  publisher={Oxford University Press}
}

@article{sherrington1906observations,
  title={Observations on the scratch-reflex in the spinal dog},
  author={Sherrington, Charles Scott},
  journal={The Journal of physiology},
  volume={34},
  number={1-2},
  pages={1},
  year={1906},
  publisher={Wiley-Blackwell}
}

@article{rohrschneider2004determination,
  title={Determination of the location of the fovea on the fundus},
  author={Rohrschneider, Klaus},
  journal={Investigative ophthalmology \& visual science},
  volume={45},
  number={9},
  pages={3257--3258},
  year={2004},
  publisher={The Association for Research in Vision and Ophthalmology}
}

@article{abbas2020hierarchical,
  title={Hierarchical organization of corticothalamic projections to the pulvinar},
  author={Abbas Farishta, Reza and Boire, Denis and Casanova, Christian},
  journal={Cerebral Cortex Communications},
  volume={1},
  number={1},
  pages={tgaa030},
  year={2020},
  publisher={Oxford University Press}
}

@book{alighieri1995dante,
  title={Dante's Inferno},
  author={Alighieri, Dante},
  year={1995},
  publisher={Indiana University Press}
}

% ---------------------------------------------------------------------------
% ---------------------------------------------------------------------------
% ---------------------------------------------------------------------------
% CHAPTER TWO : SCIENTIFIC INTRODUCTION - COMPUTATIONAL 
@book{land2018eyes,
  title={Eyes to see: the astonishing variety of vision in nature},
  author={Land, Michael F},
  year={2018},
  publisher={Oxford University Press, USA}
}

@article{palmer2017image,
  title={The image-forming mirror in the eye of the scallop},
  author={Palmer, Benjamin A and Taylor, Gavin J and Brumfeld, Vlad and Gur, Dvir and Shemesh, Michal and Elad, Nadav and Osherov, Aya and Oron, Dan and Weiner, Steve and Addadi, Lia},
  journal={Science},
  volume={358},
  number={6367},
  pages={1172--1175},
  year={2017},
  publisher={American Association for the Advancement of Science}
}

@article{horvath2017horseflies,
  title={Why do horseflies need polarization vision for host detection? Polarization helps tabanid flies to select sunlit dark host animals from the dark patches of the visual environment},
  author={Horv{\'a}th, G{\'a}bor and Sz{\"o}r{\'e}nyi, Tam{\'a}s and Pereszl{\'e}nyi, {\'A}d{\'a}m and Gerics, Bal{\'a}zs and Heged{\"u}s, Ram{\'o}n and Barta, Andr{\'a}s and {\AA}kesson, Susanne},
  journal={Royal Society Open Science},
  volume={4},
  number={11},
  pages={170735},
  year={2017},
  publisher={The Royal Society Publishing}
}

@article{thoen2014different,
  title={A different form of color vision in mantis shrimp},
  author={Thoen, Hanne H and How, Martin J and Chiou, Tsyr-Huei and Marshall, Justin},
  journal={Science},
  volume={343},
  number={6169},
  pages={411--413},
  year={2014},
  publisher={American Association for the Advancement of Science}
}

@article{young1962optic,
  title={The optic lobes of Octopus vulgaris},
  author={Young, John Zachary},
  journal={Philosophical Transactions of the Royal Society of London. Series B, Biological Sciences},
  volume={245},
  number={718},
  pages={19--58},
  year={1962},
  publisher={The Royal Society London}
}

@book{kandel2000principles,
  title={Principles of neural science},
  author={Kandel, Eric R and Schwartz, James H and Jessell, Thomas M and Siegelbaum, Steven and Hudspeth, A James and Mack, Sarah and others},
  volume={4},
  year={2000},
  publisher={McGraw-hill New York}
}

@article{muller2018cortical,
  title={Cortical travelling waves: mechanisms and computational principles},
  author={Muller, Lyle and Chavane, Fr{\'e}d{\'e}ric and Reynolds, John and Sejnowski, Terrence J},
  journal={Nature Reviews Neuroscience},
  volume={19},
  number={5},
  pages={255--268},
  year={2018},
  publisher={Nature Publishing Group UK London}
}

@article{newman1996muller,
  title={The M{\"u}ller cell: a functional element of the retina},
  author={Newman, Eric and Reichenbach, Andreas},
  journal={Trends in neurosciences},
  volume={19},
  number={8},
  pages={307--312},
  year={1996},
  publisher={Elsevier}
}

@article{kroger2009space,
  title={Space-saving advantage of an inverted retina},
  author={Kr{\"o}ger, Ronald HH and Biehlmaier, Oliver},
  journal={Vision research},
  volume={49},
  number={18},
  pages={2318--2321},
  year={2009},
  publisher={Elsevier}
}

@article{fernandez2001closed,
  title={Closed-loop adaptive optics in the human eye},
  author={Fern{\'a}ndez, Enrique J and Iglesias, Ignacio and Artal, Pablo},
  journal={Optics letters},
  volume={26},
  number={10},
  pages={746--748},
  year={2001},
  publisher={Optica Publishing Group}
}

@article{gegenfurtner2003color,
  title={Color vision},
  author={Gegenfurtner, Karl R and Kiper, Daniel C},
  journal={Annual review of neuroscience},
  volume={26},
  number={1},
  pages={181--206},
  year={2003},
  publisher={Annual Reviews 4139 El Camino Way, PO Box 10139, Palo Alto, CA 94303-0139, USA}
}

@article{ibbotson2011visual,
  title={Visual perception and saccadic eye movements},
  author={Ibbotson, Michael and Krekelberg, Bart},
  journal={Current opinion in neurobiology},
  volume={21},
  number={4},
  pages={553--558},
  year={2011},
  publisher={Elsevier}
}

@article{friston2012perceptions,
  title={Perceptions as hypotheses: saccades as experiments},
  author={Friston, Karl and Adams, Rick A and Perrinet, Laurent and Breakspear, Michael},
  journal={Frontiers in psychology},
  volume={3},
  pages={151},
  year={2012},
  publisher={Frontiers Research Foundation}
}

@article{ghosh2004types,
  title={Types of bipolar cells in the mouse retina},
  author={Ghosh, Krishna K and Bujan, Sascha and Haverkamp, Silke and Feigenspan, Andreas and W{\"a}ssle, Heinz},
  journal={Journal of Comparative Neurology},
  volume={469},
  number={1},
  pages={70--82},
  year={2004},
  publisher={Wiley Online Library}
}

@article{masland2012neuronal,
  title={The neuronal organization of the retina},
  author={Masland, Richard H},
  journal={Neuron},
  volume={76},
  number={2},
  pages={266--280},
  year={2012},
  publisher={Elsevier}
}

@article{olveczky2003segregation,
  title={Segregation of object and background motion in the retina},
  author={{\"O}lveczky, Bence P and Baccus, Stephen A and Meister, Markus},
  journal={Nature},
  volume={423},
  number={6938},
  pages={401--408},
  year={2003},
  publisher={Nature Publishing Group UK London}
}

@article{liu2021predictive,
  title={Predictive encoding of motion begins in the primate retina},
  author={Liu, Belle and Hong, Arthur and Rieke, Fred and Manookin, Michael B},
  journal={Nature neuroscience},
  volume={24},
  number={9},
  pages={1280--1291},
  year={2021},
  publisher={Nature Publishing Group US New York}
}

@article{larsson2013optic,
  title={The optic chiasm: a turning point in the evolution of eye/hand coordination},
  author={Larsson, Matz},
  journal={Frontiers in Zoology},
  volume={10},
  number={1},
  pages={1--12},
  year={2013},
  publisher={BioMed Central}
}

@article{kinsbourne2013somatic,
  title={Somatic twist: A model for the evolution of decussation.},
  author={Kinsbourne, Marcel},
  journal={Neuropsychology},
  volume={27},
  number={5},
  pages={511},
  year={2013},
  publisher={American Psychological Association}
}

@article{sherman2007thalamus,
  title={The thalamus is more than just a relay},
  author={Sherman, S Murray},
  journal={Current opinion in neurobiology},
  volume={17},
  number={4},
  pages={417--422},
  year={2007},
  publisher={Elsevier}
}

@article{ghodrati2017towards,
  title={Towards building a more complex view of the lateral geniculate nucleus: Recent advances in understanding its role},
  author={Ghodrati, Masoud and Khaligh-Razavi, Seyed-Mahdi and Lehky, Sidney R},
  journal={Progress in Neurobiology},
  volume={156},
  pages={214--255},
  year={2017},
  publisher={Elsevier}
}

@article{briggs2011corticogeniculate,
  title={Corticogeniculate feedback and visual processing in the primate},
  author={Briggs, Farran and Usrey, W Martin},
  journal={The Journal of physiology},
  volume={589},
  number={1},
  pages={33--40},
  year={2011},
  publisher={Wiley Online Library}
}

@article{kaplan2004m,
  title={The M, P, and K pathways of the primate visual system},
  author={Kaplan, Ehud},
  journal={The visual neurosciences},
  volume={1},
  pages={481--493},
  year={2004}
}

@article{casanova2004functions,
  title={Functions of the pulvinar in vision},
  author={Casanova, C},
  journal={The Visual Neurosciences},
  pages={592--608},
  year={2004},
  publisher={MIT Press Cambridge, MA}
}

@article{glickstein1984francesco,
  title={Francesco Gennari and the structure of the cerebral cortex},
  author={Glickstein, Mitchell and Rizzolatti, Giacomo},
  journal={Trends in Neurosciences},
  volume={7},
  number={12},
  pages={464--467},
  year={1984},
  publisher={Elsevier}
}

@book{orban2012neuronal,
  title={Neuronal operations in the visual cortex},
  author={Orban, Guy A},
  volume={11},
  year={2012},
  publisher={Springer Science \& Business Media}
}

@article{shipp2013reflections,
  title={Reflections on agranular architecture: predictive coding in the motor cortex},
  author={Shipp, Stewart and Adams, Rick A and Friston, Karl J},
  journal={Trends in neurosciences},
  volume={36},
  number={12},
  pages={706--716},
  year={2013},
  publisher={Elsevier}
}

@article{martin1994brief,
  title={A brief history of the “feature detector”},
  author={Martin, Kevan AC},
  journal={Cerebral cortex},
  volume={4},
  number={1},
  pages={1--7},
  year={1994},
  publisher={Oxford University Press}
}

@article{krizhevsky2017imagenet,
  title={Imagenet classification with deep convolutional neural networks},
  author={Krizhevsky, Alex and Sutskever, Ilya and Hinton, Geoffrey E},
  journal={Communications of the ACM},
  volume={60},
  number={6},
  pages={84--90},
  year={2017},
  publisher={AcM New York, NY, USA}
}

@article{lecun1998gradient,
  title={Gradient-based learning applied to document recognition},
  author={LeCun, Yann and Bottou, L{\'e}on and Bengio, Yoshua and Haffner, Patrick},
  journal={Proceedings of the IEEE},
  volume={86},
  number={11},
  pages={2278--2324},
  year={1998},
  publisher={Ieee}
}

@article{kendall2017uncertainties,
  title={What uncertainties do we need in bayesian deep learning for computer vision?},
  author={Kendall, Alex and Gal, Yarin},
  journal={Advances in neural information processing systems},
  volume={30},
  year={2017}
}

@article{horton2005cortical,
  title={The cortical column: a structure without a function},
  author={Horton, Jonathan C and Adams, Daniel L},
  journal={Philosophical Transactions of the Royal Society B: Biological Sciences},
  volume={360},
  number={1456},
  pages={837--862},
  year={2005},
  publisher={The Royal Society London}
}

@article{binzegger2004quantitative,
  title={A quantitative map of the circuit of cat primary visual cortex},
  author={Binzegger, Tom and Douglas, Rodney J and Martin, Kevan AC},
  journal={Journal of Neuroscience},
  volume={24},
  number={39},
  pages={8441--8453},
  year={2004},
  publisher={Soc Neuroscience}
}

@article{douglas2004neuronal,
  title={Neuronal circuits of the neocortex},
  author={Douglas, Rodney J and Martin, Kevan AC},
  journal={Annu. Rev. Neurosci.},
  volume={27},
  pages={419--451},
  year={2004},
  publisher={Annual Reviews}
}

@article{mountcastle1997columnar,
  title={The columnar organization of the neocortex.},
  author={Mountcastle, Vernon B},
  journal={Brain: a journal of neurology},
  volume={120},
  number={4},
  pages={701--722},
  year={1997}
}

@article{angelucci2006contribution,
  title={Contribution of feedforward, lateral and feedback connections to the classical receptive field center and extra-classical receptive field surround of primate V1 neurons},
  author={Angelucci, Alessandra and Bressloff, Paul C},
  journal={Progress in brain research},
  volume={154},
  pages={93--120},
  year={2006},
  publisher={Elsevier}
}

@article{chavane2011lateral,
  title={Lateral spread of orientation selectivity in V1 is controlled by intracortical cooperativity},
  author={Chavane, Fr{\'e}d{\'e}ric and Sharon, Dahlia and Jancke, Dirk and Marre, Olivier and Fr{\'e}gnac, Yves and Grinvald, Amiram},
  journal={Frontiers in systems neuroscience},
  volume={5},
  pages={4},
  year={2011},
  publisher={Frontiers Research Foundation}
}

@article{hubel1959receptive,
  title={Receptive fields of single neurones in the cat's striate cortex},
  author={Hubel, David H and Wiesel, Torsten N},
  journal={The Journal of physiology},
  volume={148},
  number={3},
  pages={574},
  year={1959},
  publisher={Wiley-Blackwell}
}

@article{hubel1962receptive,
  title={Receptive fields, binocular interaction and functional architecture in the cat's visual cortex},
  author={Hubel, David H and Wiesel, Torsten N},
  journal={The Journal of physiology},
  volume={160},
  number={1},
  pages={106},
  year={1962},
  publisher={Wiley-Blackwell}
}

@article{fournier2011adaptation,
  title={Adaptation of the simple or complex nature of V1 receptive fields to visual statistics},
  author={Fournier, Julien and Monier, Cyril and Pananceau, Marc and Fr{\'e}gnac, Yves},
  journal={Nature neuroscience},
  volume={14},
  number={8},
  pages={1053--1060},
  year={2011},
  publisher={Nature Publishing Group US New York}
}

@book{payne2001cat,
  title={The cat primary visual cortex},
  author={Payne, Bertram and Peters, Alan},
  year={2001},
  publisher={Academic Press}
}


@article{grinvald1986functional,
  title={Functional architecture of cortex revealed by optical imaging of intrinsic signals},
  author={Grinvald, Amiram and Lieke, Edmund and Frostig, Ron D and Gilbert, Charles D and Wiesel, Torsten N},
  journal={Nature},
  volume={324},
  number={6095},
  pages={361--364},
  year={1986},
  publisher={Nature Publishing Group UK London}
}

@article{kastner2001neural,
  title={The neural basis of biased competition in human visual cortex},
  author={Kastner, Sabine and Ungerleider, Leslie G},
  journal={Neuropsychologia},
  volume={39},
  number={12},
  pages={1263--1276},
  year={2001},
  publisher={Elsevier}
}

@article{issa2000spatial,
  title={Spatial frequency maps in cat visual cortex},
  author={Issa, Naoum P and Trepel, Christopher and Stryker, Michael P},
  journal={Journal of Neuroscience},
  volume={20},
  number={22},
  pages={8504--8514},
  year={2000},
  publisher={Soc Neuroscience}
}

@article{tolhurst1981variety,
  title={On the variety of spatial frequency selectivities shown by neurons in area 17 of the cat},
  author={Tolhurst, DJ and Thompson, ID},
  journal={Proceedings of the Royal Society of London. Series B. Biological Sciences},
  volume={213},
  number={1191},
  pages={183--199},
  year={1981},
  publisher={The Royal Society London}
}

@article{traver2010review,
  title={A review of log-polar imaging for visual perception in robotics},
  author={Traver, V Javier and Bernardino, Alexandre},
  journal={Robotics and Autonomous Systems},
  volume={58},
  number={4},
  pages={378--398},
  year={2010},
  publisher={Elsevier}
}

@article{wandell2007visual,
  title={Visual field maps in human cortex},
  author={Wandell, Brian A and Dumoulin, Serge O and Brewer, Alyssa A},
  journal={Neuron},
  volume={56},
  number={2},
  pages={366--383},
  year={2007},
  publisher={Elsevier}
}

@article{scannell1995analysis,
  title={Analysis of connectivity in the cat cerebral cortex},
  author={Scannell, Jack W and Blakemore, Colin and Young, Malcolm P},
  journal={Journal of Neuroscience},
  volume={15},
  number={2},
  pages={1463--1483},
  year={1995},
  publisher={Soc Neuroscience}
}

@article{sterling1983microcircuitry,
  title={Microcircuitry of the cat retina},
  author={Sterling, Peter},
  journal={Annual review of neuroscience},
  volume={6},
  number={1},
  pages={149--185},
  year={1983},
  publisher={Annual Reviews 4139 El Camino Way, PO Box 10139, Palo Alto, CA 94303-0139, USA}
}

@article{kolb1984neural,
  title={Neural architecture of the cat retina},
  author={Kolb, Helga and Nelson, Ralph},
  journal={Progress in retinal research},
  volume={3},
  pages={21--60},
  year={1984},
  publisher={Elsevier}
}

@article{stone1973projection,
  title={Projection of X-and Y-cells of the cat's lateral geniculate nucleus to areas 17 and 18 of visual cortex.},
  author={Stone, JONATHAN and Dreher, BOGDAN},
  journal={Journal of Neurophysiology},
  volume={36},
  number={3},
  pages={551--567},
  year={1973}
}

@article{kaas2022escaping,
  title={Escaping the nocturnal bottleneck, and the evolution of the dorsal and ventral streams of visual processing in primates},
  author={Kaas, Jon H and Qi, Hui-Xin and Stepniewska, Iwona},
  journal={Philosophical Transactions of the Royal Society B},
  volume={377},
  number={1844},
  pages={20210293},
  year={2022},
  publisher={The Royal Society}
}

@article{kaschube2014neural,
  title={Neural maps versus salt-and-pepper organization in visual cortex},
  author={Kaschube, Matthias},
  journal={Current opinion in neurobiology},
  volume={24},
  pages={95--102},
  year={2014},
  publisher={Elsevier}
}

@article{schmidt2021punctuated,
  title={Punctuated evolution of visual cortical circuits? Evidence from the large rodent Dasyprocta leporina, and the tiny primate Microcebus murinus},
  author={Schmidt, Kerstin E and Wolf, Fred},
  journal={Current Opinion in Neurobiology},
  volume={71},
  pages={110--118},
  year={2021},
  publisher={Elsevier}
}

@article{lund1979anatomical,
  title={Anatomical organization of the primary visual cortex (area 17) of the cat. A comparison with area 17 of the macaque monkey},
  author={Lund, JS and Henry, GH and MacQueen, CL and Harvey, AR},
  journal={Journal of Comparative Neurology},
  volume={184},
  number={4},
  pages={599--618},
  year={1979},
  publisher={Wiley Online Library}
}

@article{stevens1974patterns,
  title={Patterns in nature},
  author={Stevens, Peter S},
  year={1974}
}

@article{laughlin1998metabolic,
  title={The metabolic cost of neural information},
  author={Laughlin, Simon B and de Ruyter van Steveninck, Rob R and Anderson, John C},
  journal={Nature neuroscience},
  volume={1},
  number={1},
  pages={36--41},
  year={1998},
  publisher={Nature Publishing Group}
}

@article{thorpe1996speed,
  title={Speed of processing in the human visual system},
  author={Thorpe, Simon and Fize, Denis and Marlot, Catherine},
  journal={nature},
  volume={381},
  number={6582},
  pages={520--522},
  year={1996},
  publisher={Nature Publishing Group UK London}
}

@article{barlow1961possible,
  title={Possible principles underlying the transformation of sensory messages},
  author={Barlow, Horace B and others},
  journal={Sensory communication},
  volume={1},
  number={01},
  pages={217--233},
  year={1961}
}

@article{olshausen1996natural,
  title={Natural image statistics and efficient coding},
  author={Olshausen, Bruno A and Field, David J},
  journal={Network: computation in neural systems},
  volume={7},
  number={2},
  pages={333},
  year={1996},
  publisher={IOP Publishing}
}

@article{simoncelli2001natural,
  title={Natural image statistics and neural representation},
  author={Simoncelli, Eero P and Olshausen, Bruno A},
  journal={Annual review of neuroscience},
  volume={24},
  number={1},
  pages={1193--1216},
  year={2001},
  publisher={Annual Reviews 4139 El Camino Way, PO Box 10139, Palo Alto, CA 94303-0139, USA}
}

@article{alamia2019alpha,
  title={Alpha oscillations and traveling waves: Signatures of predictive coding?},
  author={Alamia, Andrea and VanRullen, Rufin},
  journal={PLoS Biology},
  volume={17},
  number={10},
  pages={e3000487},
  year={2019},
  publisher={Public Library of Science San Francisco, CA USA}
}

@article{laughlin1981simple,
  title={A simple coding procedure enhances a neuron's information capacity},
  author={Laughlin, Simon},
  journal={Zeitschrift f{\"u}r Naturforschung c},
  volume={36},
  number={9-10},
  pages={910--912},
  year={1981},
  publisher={Verlag der Zeitschrift f{\"u}r Naturforschung}
}

@article{naka1966s,
  title={S-potentials from luminosity units in the retina of fish (Cyprinidae)},
  author={Naka, Ken-Ichi and Rushton, William AH},
  journal={The Journal of physiology},
  volume={185},
  number={3},
  pages={587--599},
  year={1966},
  publisher={Wiley Online Library}
}

@article{tolhurst1992amplitude,
  title={Amplitude spectra of natural images},
  author={Tolhurst, David J and Tadmor, Yoav and Chao, Tang},
  journal={Ophthalmic and Physiological Optics},
  volume={12},
  number={2},
  pages={229--232},
  year={1992},
  publisher={Wiley Online Library}
}

@article{perrinet2015edge,
  title={Edge co-occurrences can account for rapid categorization of natural versus animal images},
  author={Perrinet, Laurent U and Bednar, James A},
  journal={Scientific reports},
  volume={5},
  number={1},
  pages={11400},
  year={2015},
  publisher={Nature Publishing Group UK London}
}

@article{hansen2004horizontal,
  title={A horizontal bias in human visual processing of orientation and its correspondence to the structural components of natural scenes},
  author={Hansen, Bruce C and Essock, Edward A},
  journal={Journal of vision},
  volume={4},
  number={12},
  pages={5--5},
  year={2004},
  publisher={The Association for Research in Vision and Ophthalmology}
}

@article{gauvrit2014natural,
  title={Natural scene statistics mediate the perception of image complexity},
  author={Gauvrit, Nicolas and Soler-Toscano, Fernando and Zenil, Hector},
  journal={Visual Cognition},
  volume={22},
  number={8},
  pages={1084--1091},
  year={2014},
  publisher={Taylor \& Francis}
}

@article{rust2005praise,
  title={In praise of artifice},
  author={Rust, Nicole C and Movshon, J Anthony},
  journal={Nature neuroscience},
  volume={8},
  number={12},
  pages={1647--1650},
  year={2005},
  publisher={Nature Publishing Group US New York}
}

@article{priebe2016mechanisms,
  title={Mechanisms of orientation selectivity in the primary visual cortex},
  author={Priebe, Nicholas J},
  journal={Annual review of vision science},
  volume={2},
  pages={85--107},
  year={2016},
  publisher={Annual Reviews}
}

@article{fiser2004small,
  title={Small modulation of ongoing cortical dynamics by sensory input during natural vision},
  author={Fiser, J{\'o}zsef and Chiu, Chiayu and Weliky, Michael},
  journal={Nature},
  volume={431},
  number={7008},
  pages={573--578},
  year={2004},
  publisher={Nature Publishing Group}
}

@article{yoshida2020natural,
  title={Natural images are reliably represented by sparse and variable populations of neurons in visual cortex},
  author={Yoshida, Takashi and Ohki, Kenichi},
  journal={Nature communications},
  volume={11},
  number={1},
  pages={1--19},
  year={2020},
  publisher={Nature Publishing Group}
}

@article{johnson2004first,
  title={First-and second-order information in natural images: a filter-based approach to image statistics},
  author={Johnson, Aaron P and Baker, Curtis L},
  journal={JOSA A},
  volume={21},
  number={6},
  pages={913--925},
  year={2004},
  publisher={Optica Publishing Group}
}

@article{vacher2015biologically,
  title={Biologically inspired dynamic textures for probing motion perception},
  author={Vacher, Jonathan and Meso, Andrew Isaac and Perrinet, Laurent U and Peyre, Gabriel},
  journal={Advances in neural information processing systems},
  volume={28},
  year={2015}
}

@article{simoncini2012more,
  title={More is not always better: adaptive gain control explains dissociation between perception and action},
  author={Simoncini, Claudio and Perrinet, Laurent U and Montagnini, Anna and Mamassian, Pascal and Masson, Guillaume S},
  journal={Nature neuroscience},
  volume={15},
  number={11},
  pages={1596--1603},
  year={2012},
  publisher={Nature Publishing Group}
}

@article{ravello2019speed,
  title={Speed-selectivity in retinal ganglion cells is sharpened by broad spatial frequency, naturalistic stimuli},
  author={Ravello, Cesar R and Perrinet, Laurent U and Escobar, Maria-Jose and Palacios, Adrian G},
  journal={Scientific reports},
  volume={9},
  number={1},
  pages={1--16},
  year={2019},
  publisher={Nature Publishing Group}
}

@article{swindale1998orientation,
  title={Orientation tuning curves: empirical description and estimation of parameters},
  author={Swindale, Nicholas V},
  journal={Biological cybernetics},
  volume={78},
  number={1},
  pages={45--56},
  year={1998},
  publisher={Springer}
}

@article{kirchner2006ultra,
  title={Ultra-rapid object detection with saccadic eye movements: Visual processing speed revisited},
  author={Kirchner, Holle and Thorpe, Simon J},
  journal={Vision research},
  volume={46},
  number={11},
  pages={1762--1776},
  year={2006},
  publisher={Elsevier}
}

@phdthesis{vacher2017synthese,
  title={Synthese de textures dynamiques pour l'etude de la vision en psychophysique et electrophysiologie},
  author={Vacher, Jonathan},
  year={2017},
  school={{\'E}cole Normale Sup{\'e}rieure}
}

@article{szeliski1990bayesian,
  title={Bayesian modeling of uncertainty in low-level vision},
  author={Szeliski, Richard},
  journal={International Journal of Computer Vision},
  volume={5},
  number={3},
  pages={271--301},
  year={1990},
  publisher={Springer}
}

@article{snowden1992orientation,
  title={Orientation bandwidth: The effect of spatial and temporal frequency},
  author={Snowden, Robert J},
  journal={Vision research},
  volume={32},
  number={10},
  pages={1965--1974},
  year={1992},
  publisher={Elsevier}
}

@article{julesz1981textons,
  title={Textons, the elements of texture perception, and their interactions},
  author={Julesz, Bela},
  journal={Nature},
  volume={290},
  number={5802},
  pages={91--97},
  year={1981},
  publisher={Nature Publishing Group UK London}
}

@article{julesz1983human,
  title={Human factors and behavioral science: Textons, the fundamental elements in preattentive vision and perception of textures},
  author={Julesz, Bela and Bergen, James R},
  journal={Bell system technical journal},
  volume={62},
  number={6},
  pages={1619--1645},
  year={1983},
  publisher={Wiley Online Library}
}

@article{geurts2022subjective,
  title={Subjective confidence reflects representation of Bayesian probability in cortex},
  author={Geurts, Laura S and Cooke, James RH and van Bergen, Ruben S and Jehee, Janneke FM},
  journal={Nature Human Behaviour},
  volume={6},
  number={2},
  pages={294--305},
  year={2022},
  publisher={Nature Publishing Group UK London}
}

@article{barthelme2009evaluation,
  title={Evaluation of objective uncertainty in the visual system},
  author={Barthelm{\'e}, Simon and Mamassian, Pascal},
  journal={PLoS computational biology},
  volume={5},
  number={9},
  pages={e1000504},
  year={2009},
  publisher={Public Library of Science San Francisco, USA}
}


@article{phillips1984orientation,
  title={Orientation bandwidths of spatial mechanisms measured by masking},
  author={Phillips, Gregory C and Wilson, Hugh R},
  journal={JOSA A},
  volume={1},
  number={2},
  pages={226--232},
  year={1984},
  publisher={Optical Society of America}
}

@article{heeley1989width,
  title={Width discrimination for band-pass stimuli},
  author={Heeley, DW and Timney, B and Paterson, IR and Thompson, RJ},
  journal={Vision Research},
  volume={29},
  number={7},
  pages={901--905},
  year={1989},
  publisher={Elsevier}
}

@article{heeley1997oblique,
  title={The oblique effect in orientation acuity},
  author={Heeley, DW and Buchanan-Smith, HM and Cromwell, JA and Wright, JS},
  journal={Vision Research},
  volume={37},
  number={2},
  pages={235--242},
  year={1997},
  publisher={Elsevier}
}

@article{heeley1998influence,
  title={The influence of stimulus shape on orientation acuity},
  author={Heeley, David W and Buchanan-Smith, Hannah M},
  journal={Experimental Brain Research},
  volume={120},
  number={2},
  pages={217--222},
  year={1998},
  publisher={Elsevier}
}

@article{keeble1995detection,
  title={Detection of orientationally multimodal textures},
  author={Keeble, DRT and Kingdom, FAA and Moulden, B and Morgan, MJ},
  journal={Vision Research},
  volume={35},
  number={14},
  pages={1991--2005},
  year={1995},
  publisher={Elsevier}
}

@article{beaudot2006orientation,
  title={Orientation discrimination in human vision: Psychophysics and modeling},
  author={Beaudot, William HA and Mullen, Kathy T},
  journal={Vision Research},
  volume={46},
  number={1-2},
  pages={26--46},
  year={2006},
  publisher={Elsevier}
}

% CHAPTER TWO : SCIENTIFIC INTRODUCTION - ALGORITHMIC 
@book{cottingham2023introduction,
  title={An introduction to the standard model of particle physics},
  author={Cottingham, W Noel and Greenwood, Derek A},
  year={2023},
  publisher={Cambridge university press}
}

@article{mcclamrock1991marr,
  title={Marr's three levels: A re-evaluation},
  author={McClamrock, Ron},
  journal={Minds and Machines},
  volume={1},
  pages={185--196},
  year={1991},
  publisher={Springer}
}

@article{colombo2012bayes,
  title={Bayes in the brain—on Bayesian modelling in neuroscience},
  author={Colombo, Matteo and Seri{\`e}s, Peggy},
  journal={The British journal for the philosophy of science},
  year={2012},
  publisher={The University of Chicago Press}
}

@misc{peebles2015thirty,
  title={Thirty years after Marr's vision: Levels of analysis in cognitive science},
  author={Peebles, David and Cooper, Richard P},
  journal={Topics in cognitive science},
  volume={7},
  number={2},
  pages={187--190},
  year={2015},
  publisher={Wiley Online Library}
}

@article{barlow1956retinal,
  title={Retinal noise and absolute threshold},
  author={Barlow, Horace B},
  journal={Josa},
  volume={46},
  number={8},
  pages={634--639},
  year={1956},
  publisher={Optica Publishing Group}
}

@article{friston2006free,
  title={A free energy principle for the brain},
  author={Friston, Karl and Kilner, James and Harrison, Lee},
  journal={Journal of physiology-Paris},
  volume={100},
  number={1-3},
  pages={70--87},
  year={2006},
  publisher={Elsevier}
}

@article{karl2012free,
  title={A free energy principle for biological systems},
  author={Karl, Friston},
  journal={Entropy},
  volume={14},
  number={11},
  pages={2100--2121},
  year={2012},
  publisher={MDPI}
}

@article{aguilera2022particular,
  title={How particular is the physics of the free energy principle?},
  author={Aguilera, Miguel and Millidge, Beren and Tschantz, Alexander and Buckley, Christopher L},
  journal={Physics of Life Reviews},
  volume={40},
  pages={24--50},
  year={2022},
  publisher={Elsevier}
}

@article{shannon1948mathematical,
  title={A mathematical theory of communication},
  author={Shannon, Claude Elwood},
  journal={The Bell system technical journal},
  volume={27},
  number={3},
  pages={379--423},
  year={1948},
  publisher={Nokia Bell Labs}
}

@article{mansournia2016inverse,
  title={Inverse probability weighting},
  author={Mansournia, Mohammad Ali and Altman, Douglas G},
  journal={Bmj},
  volume={352},
  year={2016},
  publisher={British Medical Journal Publishing Group}
}

@article{friston2009predictive,
  title={Predictive coding under the free-energy principle},
  author={Friston, Karl and Kiebel, Stefan},
  journal={Philosophical transactions of the Royal Society B: Biological sciences},
  volume={364},
  number={1521},
  pages={1211--1221},
  year={2009},
  publisher={The Royal Society London}
}

@article{friston2005theory,
  title={A theory of cortical responses},
  author={Friston, Karl},
  journal={Philosophical transactions of the Royal Society B: Biological sciences},
  volume={360},
  number={1456},
  pages={815--836},
  year={2005},
  publisher={The Royal Society London}
}

@article{helmholtz1925treatise,
  title={Treatise on physiological optics},
  author={Helmholtz, Hermann Ludwig Ferdinand von and Southall, James Powell Cocke and others},
  journal={(No Title)},
  year={1925}
}

@book{murphy2012machine,
  title={Machine learning: a probabilistic perspective},
  author={Murphy, Kevin P},
  year={2012},
  publisher={MIT press}
}


@article{hebb1949organization,
  title={The organization of behavior. A neuropsychological theory},
  author={Hebb, DO},
  year={1949},
  publisher={John Wiley}
}

@article{murphy1998spacing,
  title={Spacing of cytochrome oxidase blobs in visual cortex of normal and strabismic monkeys.},
  author={Murphy, Kathryn M and Jones, David G and Fenstemaker, Suzanne B and Pegado, Victor D and Kiorpes, Lynne and Movshon, J Anthony},
  journal={Cerebral cortex (New York, NY: 1991)},
  volume={8},
  number={3},
  pages={237--244},
  year={1998}
}

@article{rao1999predictive,
  title={Predictive coding in the visual cortex: a functional interpretation of some extra-classical receptive-field effects},
  author={Rao, Rajesh PN and Ballard, Dana H},
  journal={Nature neuroscience},
  volume={2},
  number={1},
  pages={79--87},
  year={1999},
  publisher={Nature Publishing Group}
}

@article{Zongker2006,
  abstract = {Chicken chicken chicken chicken chicken chicken chicken chicken chicken
	chicken chicken chicken chicken chicken chicken chicken chicken.},
  added-at = {2011-03-27T17:20:41.000+0200},
  annote = {chicken chicken chicken chicken. chicken chicken chicken chicken?
	chicken chicken.},
  author = {Doug, Zongker},
  biburl = {https://www.bibsonomy.org/bibtex/26418ea7cdff5c0e4107707a565504ba8/yevb0},
  file = {:Zongker_2006_Chicken chicken chicken Chicken chicken.pdf:PDF},
  interhash = {c2baf3ca505a87c4e88f371e3da0d7e6},
  intrahash = {6418ea7cdff5c0e4107707a565504ba8},
  journal = {Annals of Improbable Research},
  keywords = {academia,chicken},
  mendeley-tags = {chicken},
  number = 5,
  pages = {16--21},
  timestamp = {2011-03-27T17:21:15.000+0200},
  title = {Chicken chicken chicken: Chicken chicken},
  url = {http://improbable.com/airchives/paperair/volume12/v12i5/chicken-12-5.pdf},
  volume = 12,
  year = 2006
}

@inproceedings{wen2018deep,
  title={Deep predictive coding network for object recognition},
  author={Wen, Haiguang and Han, Kuan and Shi, Junxing and Zhang, Yizhen and Culurciello, Eugenio and Liu, Zhongming},
  booktitle={International conference on machine learning},
  pages={5266--5275},
  year={2018},
  organization={PMLR}
}

@article{spratling2017hierarchical,
  title={A hierarchical predictive coding model of object recognition in natural images},
  author={Spratling, Michael W},
  journal={Cognitive computation},
  volume={9},
  number={2},
  pages={151--167},
  year={2017},
  publisher={Springer}
}


@article{kanai2015cerebral,
  title={Cerebral hierarchies: predictive processing, precision and the pulvinar},
  author={Kanai, Ryota and Komura, Yutaka and Shipp, Stewart and Friston, Karl},
  journal={Philosophical Transactions of the Royal Society B: Biological Sciences},
  volume={370},
  number={1668},
  pages={20140169},
  year={2015},
  publisher={The Royal Society}
}

@article{faisal2008noise,
  title={Noise in the nervous system},
  author={Faisal, A Aldo and Selen, Luc PJ and Wolpert, Daniel M},
  journal={Nature reviews neuroscience},
  volume={9},
  number={4},
  pages={292--303},
  year={2008},
  publisher={Nature Publishing Group UK London}
}

@article{faisal2005ion,
  title={Ion-channel noise places limits on the miniaturization of the brain’s wiring},
  author={Faisal, A Aldo and White, John A and Laughlin, Simon B},
  journal={Current Biology},
  volume={15},
  number={12},
  pages={1143--1149},
  year={2005},
  publisher={Elsevier}
}

@article{bastos2012canonical,
  title={Canonical microcircuits for predictive coding},
  author={Bastos, Andre M and Usrey, W Martin and Adams, Rick A and Mangun, George R and Fries, Pascal and Friston, Karl J},
  journal={Neuron},
  volume={76},
  number={4},
  pages={695--711},
  year={2012},
  publisher={Elsevier}
}

@article{boutin2022pooling,
  title={Pooling strategies in V1 can account for the functional and structural diversity across species},
  author={Boutin, Victor and Franciosini, Angelo and Chavane, Fr{\'e}d{\'e}ric and Perrinet, Laurent U},
  journal={PLOS Computational Biology},
  volume={18},
  number={7},
  pages={e1010270},
  year={2022},
  publisher={Public Library of Science San Francisco, CA USA}
}

@article{boutin2021sparse,
  title={Sparse deep predictive coding captures contour integration capabilities of the early visual system},
  author={Boutin, Victor and Franciosini, Angelo and Chavane, Frederic and Ruffier, Franck and Perrinet, Laurent},
  journal={PLoS computational biology},
  volume={17},
  number={1},
  pages={e1008629},
  year={2021},
  publisher={Public Library of Science San Francisco, CA USA}
}

@article{millidge2020relaxing,
  title={Relaxing the constraints on predictive coding models},
  author={Millidge, Beren and Tschantz, Alexander and Seth, Anil and Buckley, Christopher L},
  journal={arXiv preprint arXiv:2010.01047},
  year={2020}
}

@article{millidge2021predictive,
  title={Predictive coding: a theoretical and experimental review},
  author={Millidge, Beren and Seth, Anil and Buckley, Christopher L},
  journal={arXiv preprint arXiv:2107.12979},
  year={2021}
}

@article{skottun1998model,
  title={A model for end-stopping in the visual cortex},
  author={Skottun, Bernt C},
  journal={Vision research},
  volume={38},
  number={13},
  pages={2023--2035},
  year={1998},
  publisher={Elsevier}
}

@article{barlow2001redundancy,
  title={Redundancy reduction revisited},
  author={Barlow, Horace},
  journal={Network: computation in neural systems},
  volume={12},
  number={3},
  pages={241},
  year={2001},
  publisher={IOP Publishing}
}

@article{bogacz2017tutorial,
  title={A tutorial on the free-energy framework for modelling perception and learning},
  author={Bogacz, Rafal},
  journal={Journal of mathematical psychology},
  volume={76},
  pages={198--211},
  year={2017},
  publisher={Elsevier}
}

@article{makhoul1975linear,
  title={Linear prediction: A tutorial review},
  author={Makhoul, John},
  journal={Proceedings of the IEEE},
  volume={63},
  number={4},
  pages={561--580},
  year={1975},
  publisher={IEEE}
}

@inproceedings{csanky1975fast,
  title={Fast parallel matrix inversion algorithms},
  author={Csanky, Laszlo},
  booktitle={16th Annual Symposium on Foundations of Computer Science (sfcs 1975)},
  pages={11--12},
  year={1975},
  organization={IEEE}
}

@article{lecun1989backpropagation,
  title={Backpropagation applied to handwritten zip code recognition},
  author={LeCun, Yann and Boser, Bernhard and Denker, John S and Henderson, Donnie and Howard, Richard E and Hubbard, Wayne and Jackel, Lawrence D},
  journal={Neural computation},
  volume={1},
  number={4},
  pages={541--551},
  year={1989},
  publisher={MIT Press}
}

@article{millidge2022predictive,
  title={Predictive coding approximates backprop along arbitrary computation graphs},
  author={Millidge, Beren and Tschantz, Alexander and Buckley, Christopher L},
  journal={Neural Computation},
  volume={34},
  number={6},
  pages={1329--1368},
  year={2022},
  publisher={MIT Press One Rogers Street, Cambridge, MA 02142-1209, USA journals-info~…}
}

@article{friston2018does,
  title={Does predictive coding have a future?},
  author={Friston, Karl},
  journal={Nature neuroscience},
  volume={21},
  number={8},
  pages={1019--1021},
  year={2018},
  publisher={Nature Publishing Group US New York}
}

@article{orban2016neural,
  title={Neural variability and sampling-based probabilistic representations in the visual cortex},
  author={Orb{\'a}n, Gerg{\H{o}} and Berkes, Pietro and Fiser, J{\'o}zsef and Lengyel, M{\'a}t{\'e}},
  journal={Neuron},
  volume={92},
  number={2},
  pages={530--543},
  year={2016},
  publisher={Elsevier}
}

@article{goris2015origin,
  title={Origin and function of tuning diversity in macaque visual cortex},
  author={Goris, Robbe LT and Simoncelli, Eero P and Movshon, J Anthony},
  journal={Neuron},
  volume={88},
  number={4},
  pages={819--831},
  year={2015},
  publisher={Elsevier}
}

@article{ringach1997dynamics,
  title={Dynamics of orientation tuning in macaque primary visual cortex},
  author={Ringach, Dario L and Hawken, Michael J and Shapley, Robert},
  journal={Nature},
  volume={387},
  number={6630},
  pages={281--284},
  year={1997},
  publisher={Nature Publishing Group}
}

@article{bringuier1999horizontal,
  title={Horizontal propagation of visual activity in the synaptic integration field of area 17 neurons},
  author={Bringuier, Vincent and Chavane, Frederic and Glaeser, Larry and Fr{\'e}gnac, Yves},
  journal={Science},
  volume={283},
  number={5402},
  pages={695--699},
  year={1999},
  publisher={American Association for the Advancement of Science}
}

@article{jia2010dendritic,
  title={Dendritic organization of sensory input to cortical neurons in vivo},
  author={Jia, Hongbo and Rochefort, Nathalie L and Chen, Xiaowei and Konnerth, Arthur},
  journal={Nature},
  volume={464},
  number={7293},
  pages={1307--1312},
  year={2010},
  publisher={Nature Publishing Group}
}

@article{iacaruso2017synaptic,
  title={Synaptic organization of visual space in primary visual cortex},
  author={Iacaruso, M Florencia and Gasler, Ioana T and Hofer, Sonja B},
  journal={Nature},
  volume={547},
  number={7664},
  pages={449--452},
  year={2017},
  publisher={Nature Publishing Group}
}

@article{ladret2023cortical,
  title={Cortical recurrence supports resilience to sensory variance in the primary visual cortex},
  author={Ladret, Hugo J and Cortes, Nelson and Ikan, Lamyae and Chavane, Fr{\'e}d{\'e}ric and Casanova, Christian and Perrinet, Laurent U},
  journal={Communications Biology},
  volume={6},
  number={1},
  pages={667},
  year={2023},
  publisher={Nature Publishing Group UK London}
}

@article{monier2003orientation,
  title={Orientation and direction selectivity of synaptic inputs in visual cortical neurons: a diversity of combinations produces spike tuning},
  author={Monier, Cyril and Chavane, Frederic and Baudot, Pierre and Graham, Lyle J and Fr{\'e}gnac, Yves},
  journal={Neuron},
  volume={37},
  number={4},
  pages={663--680},
  year={2003},
  publisher={Elsevier}
}

@article{chen2011functional,
  title={Functional mapping of single spines in cortical neurons in vivo},
  author={Chen, Xiaowei and Leischner, Ulrich and Rochefort, Nathalie L and Nelken, Israel and Konnerth, Arthur},
  journal={Nature},
  volume={475},
  number={7357},
  pages={501--505},
  year={2011},
  publisher={Nature Publishing Group}
}

@article{scholl2017local,
  title={Local order within global disorder: synaptic architecture of visual space},
  author={Scholl, Benjamin and Wilson, Daniel E and Fitzpatrick, David},
  journal={Neuron},
  volume={96},
  number={5},
  pages={1127--1138},
  year={2017},
  publisher={Elsevier}
}

@article{li2003oblique,
  title={Oblique effect: a neural basis in the visual cortex},
  author={Li, Baowang and Peterson, Matthew R and Freeman, Ralph D},
  journal={Journal of neurophysiology},
  volume={90},
  number={1},
  pages={204--217},
  year={2003},
  publisher={American Physiological Society}
}

@article{furmanski2000oblique,
  title={An oblique effect in human primary visual cortex},
  author={Furmanski, Christopher S and Engel, Stephen A},
  journal={Nature neuroscience},
  volume={3},
  number={6},
  pages={535--536},
  year={2000},
  publisher={Nature Publishing Group}
}

@article{geisler2001motion,
  title={Motion direction signals in the primary visual cortex of cat and monkey},
  author={Geisler, Wilson S and Albrecht, Duane G and Crane, Alison M and Stern, Lawrence},
  journal={Visual neuroscience},
  volume={18},
  number={4},
  pages={501--516},
  year={2001},
  publisher={Cambridge University Press}
}

@article{markov2011weight,
  title={Weight consistency specifies regularities of macaque cortical networks},
  author={Markov, Nikola T and Misery, P and Falchier, Arnaud and Lamy, C and Vezoli, J and Quilodran, R and Gariel, MA and Giroud, Pascale and Ercsey-Ravasz, Maria and Pilaz, LJ and others},
  journal={Cerebral cortex},
  volume={21},
  number={6},
  pages={1254--1272},
  year={2011},
  publisher={Oxford University Press}
}

@article{felleman1991distributed,
  title={Distributed hierarchical processing in the primate cerebral cortex.},
  author={Felleman, Daniel J and Van Essen, David C},
  journal={Cerebral cortex (New York, NY: 1991)},
  volume={1},
  number={1},
  pages={1--47},
  year={1991}
}

@article{thomson2002synaptic,
  title={Synaptic connections and small circuits involving excitatory and inhibitory neurons in layers 2--5 of adult rat and cat neocortex: triple intracellular recordings and biocytin labelling in vitro},
  author={Thomson, Alex M and West, David C and Wang, Yun and Bannister, A Peter},
  journal={Cerebral cortex},
  volume={12},
  number={9},
  pages={936--953},
  year={2002},
  publisher={Oxford University Press}
}

@article{gouwens2019classification,
  title={Classification of electrophysiological and morphological neuron types in the mouse visual cortex},
  author={Gouwens, Nathan W and Sorensen, Staci A and Berg, Jim and Lee, Changkyu and Jarsky, Tim and Ting, Jonathan and Sunkin, Susan M and Feng, David and Anastassiou, Costas A and Barkan, Eliza and others},
  journal={Nature neuroscience},
  volume={22},
  number={7},
  pages={1182--1195},
  year={2019},
  publisher={Nature Publishing Group US New York}
}

@article{bugeon2022transcriptomic,
  title={A transcriptomic axis predicts state modulation of cortical interneurons},
  author={Bugeon, Stephane and Duffield, Joshua and Dipoppa, Mario and Ritoux, Anne and Prankerd, Isabelle and Nicoloutsopoulos, Dimitris and Orme, David and Shinn, Maxwell and Peng, Han and Forrest, Hamish and others},
  journal={Nature},
  volume={607},
  number={7918},
  pages={330--338},
  year={2022},
  publisher={Nature Publishing Group UK London}
}

@article{angelucci2002circuits,
  title={Circuits for local and global signal integration in primary visual cortex},
  author={Angelucci, Alessandra and Levitt, Jonathan B and Walton, Emma JS and Hupe, Jean-Michel and Bullier, Jean and Lund, Jennifer S},
  journal={Journal of Neuroscience},
  volume={22},
  number={19},
  pages={8633--8646},
  year={2002},
  publisher={Soc Neuroscience}
}

@article{chavane2022revisiting,
  title={Revisiting horizontal connectivity rules in V1: from like-to-like towards like-to-all},
  author={Chavane, Fr{\'e}d{\'e}ric and Perrinet, Laurent Udo and Rankin, James},
  journal={Brain Structure and Function},
  volume={227},
  number={4},
  pages={1279--1295},
  year={2022},
  publisher={Springer}
}

@article{douglas1989canonical,
  title={A canonical microcircuit for neocortex},
  author={Douglas, Rodney J and Martin, Kevan AC and Whitteridge, David},
  journal={Neural computation},
  volume={1},
  number={4},
  pages={480--488},
  year={1989},
  publisher={MIT Press}
}

@article{coultrip1992cortical,
  title={A cortical model of winner-take-all competition via lateral inhibition},
  author={Coultrip, Robert and Granger, Richard and Lynch, Gary},
  journal={Neural networks},
  volume={5},
  number={1},
  pages={47--54},
  year={1992},
  publisher={Elsevier}
}

@article{markov2014anatomy,
  title={Anatomy of hierarchy: feedforward and feedback pathways in macaque visual cortex},
  author={Markov, Nikola T and Vezoli, Julien and Chameau, Pascal and Falchier, Arnaud and Quilodran, Ren{\'e} and Huissoud, Cyril and Lamy, Camille and Misery, Pierre and Giroud, Pascale and Ullman, Shimon and others},
  journal={Journal of Comparative Neurology},
  volume={522},
  number={1},
  pages={225--259},
  year={2014},
  publisher={Wiley Online Library}
}

@article{boerlin2013predictive,
  title={Predictive coding of dynamical variables in balanced spiking networks},
  author={Boerlin, Martin and Machens, Christian K and Den{\`e}ve, Sophie},
  journal={PLoS computational biology},
  volume={9},
  number={11},
  pages={e1003258},
  year={2013},
  publisher={Public Library of Science San Francisco, USA}
}

@article{hertag2022prediction,
  title={Prediction-error neurons in circuits with multiple neuron types: Formation, refinement, and functional implications},
  author={Hert{\"a}g, Loreen and Clopath, Claudia},
  journal={Proceedings of the National Academy of Sciences},
  volume={119},
  number={13},
  pages={e2115699119},
  year={2022},
  publisher={National Acad Sciences}
}

@article{bastos2015visual,
  title={Visual areas exert feedforward and feedback influences through distinct frequency channels},
  author={Bastos, Andre Moraes and Vezoli, Julien and Bosman, Conrado Arturo and Schoffelen, Jan-Mathijs and Oostenveld, Robert and Dowdall, Jarrod Robert and De Weerd, Peter and Kennedy, Henry and Fries, Pascal},
  journal={Neuron},
  volume={85},
  number={2},
  pages={390--401},
  year={2015},
  publisher={Elsevier}
}

@article{bastos2020layer,
  title={Layer and rhythm specificity for predictive routing},
  author={Bastos, Andr{\'e} M and Lundqvist, Mikael and Waite, Ayan S and Kopell, Nancy and Miller, Earl K},
  journal={Proceedings of the National Academy of Sciences},
  volume={117},
  number={49},
  pages={31459--31469},
  year={2020},
  publisher={National Acad Sciences}
}

@article{cortes2021corticothalamic,
  title={Corticothalamic Projections Gate Alpha Rhythms in the Pulvinar},
  author={Cortes, Nelson and Abbas Farishta, Reza and Ladret, Hugo J and Casanova, Christian},
  journal={Frontiers in Cellular Neuroscience},
  volume={15},
  pages={787170},
  year={2021},
  publisher={Frontiers}
}

@article{engel2010beta,
  title={Beta-band oscillations—signalling the status quo?},
  author={Engel, Andreas K and Fries, Pascal},
  journal={Current opinion in neurobiology},
  volume={20},
  number={2},
  pages={156--165},
  year={2010},
  publisher={Elsevier}
}

@article{engel2001dynamic,
  title={Dynamic predictions: oscillations and synchrony in top--down processing},
  author={Engel, Andreas K and Fries, Pascal and Singer, Wolf},
  journal={Nature Reviews Neuroscience},
  volume={2},
  number={10},
  pages={704--716},
  year={2001},
  publisher={Nature Publishing Group UK London}
}

@article{nikolic2013gamma,
  title={Gamma oscillations: precise temporal coordination without a metronome},
  author={Nikoli{\'c}, Danko and Fries, Pascal and Singer, Wolf},
  journal={Trends in cognitive sciences},
  volume={17},
  number={2},
  pages={54--55},
  year={2013},
  publisher={Elsevier}
}

@article{schmiedt2014beta,
  title={Beta oscillation dynamics in extrastriate cortex after removal of primary visual cortex},
  author={Schmiedt, Joscha T and Maier, Alexander and Fries, Pascal and Saunders, Richard C and Leopold, David A and Schmid, Michael C},
  journal={Journal of Neuroscience},
  volume={34},
  number={35},
  pages={11857--11864},
  year={2014},
  publisher={Soc Neuroscience}
}

@article{adesnik2010lateral,
  title={Lateral competition for cortical space by layer-specific horizontal circuits},
  author={Adesnik, Hillel and Scanziani, Massimo},
  journal={Nature},
  volume={464},
  number={7292},
  pages={1155--1160},
  year={2010},
  publisher={Nature Publishing Group UK London}
}

@article{naka2016inhibitory,
  title={Inhibitory circuits in cortical layer 5},
  author={Naka, Alexander and Adesnik, Hillel},
  journal={Frontiers in neural circuits},
  volume={10},
  pages={35},
  year={2016},
  publisher={Frontiers Media SA}
}

@article{kuhlman2013disinhibitory,
  title={A disinhibitory microcircuit initiates critical-period plasticity in the visual cortex},
  author={Kuhlman, Sandra J and Olivas, Nicholas D and Tring, Elaine and Ikrar, Taruna and Xu, Xiangmin and Trachtenberg, Joshua T},
  journal={Nature},
  volume={501},
  number={7468},
  pages={543--546},
  year={2013},
  publisher={Nature Publishing Group UK London}
}

@article{sacramento2018dendritic,
  title={Dendritic cortical microcircuits approximate the backpropagation algorithm},
  author={Sacramento, Jo{\~a}o and Ponte Costa, Rui and Bengio, Yoshua and Senn, Walter},
  journal={Advances in neural information processing systems},
  volume={31},
  year={2018}
}

@article{potjans2014cell,
  title={The cell-type specific cortical microcircuit: relating structure and activity in a full-scale spiking network model},
  author={Potjans, Tobias C and Diesmann, Markus},
  journal={Cerebral cortex},
  volume={24},
  number={3},
  pages={785--806},
  year={2014},
  publisher={Oxford University Press}
}

@article{horga2014deficits,
  title={Deficits in predictive coding underlie hallucinations in schizophrenia},
  author={Horga, Guillermo and Schatz, Kelly C and Abi-Dargham, Anissa and Peterson, Bradley S},
  journal={Journal of Neuroscience},
  volume={34},
  number={24},
  pages={8072--8082},
  year={2014},
  publisher={Soc Neuroscience}
}

@article{rahimi2020complementary,
  title={Complementary metal-oxide semiconductor and memristive hardware for neuromorphic computing},
  author={Rahimi Azghadi, Mostafa and Chen, Ying-Chen and Eshraghian, Jason K and Chen, Jia and Lin, Chih-Yang and Amirsoleimani, Amirali and Mehonic, Adnan and Kenyon, Anthony J and Fowler, Burt and Lee, Jack C and others},
  journal={Advanced Intelligent Systems},
  volume={2},
  number={5},
  pages={1900189},
  year={2020},
  publisher={Wiley Online Library}
}

@article{aitchison2017or,
  title={With or without you: predictive coding and Bayesian inference in the brain},
  author={Aitchison, Laurence and Lengyel, M{\'a}t{\'e}},
  journal={Current opinion in neurobiology},
  volume={46},
  pages={219--227},
  year={2017},
  publisher={Elsevier}
}

@article{eshraghian2022memristor,
  title={Memristor-based binarized spiking neural networks: Challenges and applications},
  author={Eshraghian, Jason K and Wang, Xinxin and Lu, Wei D},
  journal={IEEE Nanotechnology Magazine},
  volume={16},
  number={2},
  pages={14--23},
  year={2022},
  publisher={IEEE}
}

@misc{van2013predictive,
  title={A predictive coding perspective on autism spectrum disorders},
  author={Van Boxtel, Jeroen JA and Lu, Hongjing},
  journal={Frontiers in psychology},
  volume={4},
  pages={19},
  year={2013},
  publisher={Frontiers Media SA}
}

@article{grenander1998computational,
  title={Computational anatomy: An emerging discipline},
  author={Grenander, Ulf and Miller, Michael I},
  journal={Quarterly of applied mathematics},
  volume={56},
  number={4},
  pages={617--694},
  year={1998}
}

@article{adams2013computational,
  title={The computational anatomy of psychosis},
  author={Adams, Rick A and Stephan, Klaas Enno and Brown, Harriet R and Frith, Christopher D and Friston, Karl J},
  journal={Frontiers in psychiatry},
  volume={4},
  pages={47},
  year={2013},
  publisher={Frontiers Media SA}
}

@article{purushothaman2012gating,
  title={Gating and control of primary visual cortex by pulvinar},
  author={Purushothaman, Gopathy and Marion, Roan and Li, Keji and Casagrande, Vivien A},
  journal={Nature neuroscience},
  volume={15},
  number={6},
  pages={905--912},
  year={2012},
  publisher={Nature Publishing Group US New York}
}


@article{casanova2001higher,
  title={Higher-order motion processing in the pulvinar},
  author={Casanova, C and Merabet, L and Desautels, A and Minville, K},
  journal={Progress in brain research},
  volume={134},
  pages={71--82},
  year={2001},
  publisher={Elsevier}
}

@article{robinson1992pulvinar,
  title={The pulvinar and visual salience},
  author={Robinson, David Lee and Petersen, Steven E},
  journal={Trends in neurosciences},
  volume={15},
  number={4},
  pages={127--132},
  year={1992},
  publisher={Elsevier Current Trends}
}

@article{ainley2016bodily,
  title={‘Bodily precision’: a predictive coding account of individual differences in interoceptive accuracy},
  author={Ainley, Vivien and Apps, Matthew AJ and Fotopoulou, Aikaterini and Tsakiris, Manos},
  journal={Philosophical Transactions of the Royal Society B: Biological Sciences},
  volume={371},
  number={1708},
  pages={20160003},
  year={2016},
  publisher={The Royal Society}
}

@article{friston2012predictive,
  title={Predictive coding, precision and synchrony},
  author={Friston, Karl},
  journal={Cognitive neuroscience},
  volume={3},
  number={3-4},
  pages={238--239},
  year={2012},
  publisher={Taylor \& Francis}
}

@article{alho1995cerebral,
  title={Cerebral generators of mismatch negativity (MMN) and its magnetic counterpart (MMNm) elicited by sound changes},
  author={Alho, Kimmo},
  journal={Ear and hearing},
  volume={16},
  number={1},
  pages={38--51},
  year={1995},
  publisher={LWW}
}

@article{wacongne2012neuronal,
  title={A neuronal model of predictive coding accounting for the mismatch negativity},
  author={Wacongne, Catherine and Changeux, Jean-Pierre and Dehaene, Stanislas},
  journal={Journal of Neuroscience},
  volume={32},
  number={11},
  pages={3665--3678},
  year={2012},
  publisher={Soc Neuroscience}
}

@article{pak2021impaired,
  title={Impaired adaptation and laminar processing of the oddball paradigm in the primary visual cortex of Fmr1 KO mouse},
  author={Pak, Alexandr and Kissinger, Samuel T and Chubykin, Alexander A},
  journal={Frontiers in Cellular Neuroscience},
  volume={15},
  pages={668230},
  year={2021},
  publisher={Frontiers Media SA}
}

@article{maslow1966psychology,
  title={The psychology of science: A reconnaissance},
  author={Maslow, Abraham Harold},
  year={1966}
}

@article{shipp2016neural,
  title={Neural elements for predictive coding},
  author={Shipp, Stewart},
  journal={Frontiers in psychology},
  volume={7},
  pages={1792},
  year={2016},
  publisher={Frontiers Media SA}
}

@article{schmolesky2011primary,
  title={The primary visual cortex},
  author={Schmolesky, Matthew},
  year={2011}
}

@article{takahata2016does,
  title={What does cytochrome oxidase histochemistry represent in the visual cortex?},
  author={Takahata, Toru},
  journal={Frontiers in neuroanatomy},
  volume={10},
  pages={79},
  year={2016},
  publisher={Frontiers Media SA}
}

@article{holmes2018reconstructing,
  title={Reconstructing the retina.},
  author={Holmes, David},
  journal={Nature},
  volume={561},
  number={7721},
  pages={S2--S3},
  year={2018}
}

@article{summerfield2011human,
  title={Human scalp electroencephalography reveals that repetition suppression varies with expectation},
  author={Summerfield, Christopher and Wyart, Valentin and Johnen, Vanessa Mareike and De Gardelle, Vincent},
  journal={Frontiers in Human Neuroscience},
  volume={5},
  pages={67},
  year={2011},
  publisher={Frontiers Research Foundation}
}

@article{summerfield2008neural,
  title={Neural repetition suppression reflects fulfilled perceptual expectations},
  author={Summerfield, Christopher and Trittschuh, Emily H and Monti, Jim M and Mesulam, M-Marsel and Egner, Tobias},
  journal={Nature neuroscience},
  volume={11},
  number={9},
  pages={1004--1006},
  year={2008},
  publisher={Nature Publishing Group US New York}
}

@article{todorovic2011prior,
  title={Prior expectation mediates neural adaptation to repeated sounds in the auditory cortex: an MEG study},
  author={Todorovic, Ana and van Ede, Freek and Maris, Eric and de Lange, Floris P},
  journal={Journal of Neuroscience},
  volume={31},
  number={25},
  pages={9118--9123},
  year={2011},
  publisher={Soc Neuroscience}
}

@article{garrido2007evoked,
  title={Evoked brain responses are generated by feedback loops},
  author={Garrido, Marta I and Kilner, James M and Kiebel, Stefan J and Friston, Karl J},
  journal={Proceedings of the National Academy of Sciences},
  volume={104},
  number={52},
  pages={20961--20966},
  year={2007},
  publisher={National Acad Sciences}
}

@article{murray2002shape,
  title={Shape perception reduces activity in human primary visual cortex},
  author={Murray, Scott O and Kersten, Daniel and Olshausen, Bruno A and Schrater, Paul and Woods, David L},
  journal={Proceedings of the National Academy of Sciences},
  volume={99},
  number={23},
  pages={15164--15169},
  year={2002},
  publisher={National Acad Sciences}
}

@article{meyer2011statistical,
  title={Statistical learning of visual transitions in monkey inferotemporal cortex},
  author={Meyer, Travis and Olson, Carl R},
  journal={Proceedings of the National Academy of Sciences},
  volume={108},
  number={48},
  pages={19401--19406},
  year={2011},
  publisher={National Acad Sciences}
}

@article{insel2010rethinking,
  title={Rethinking schizophrenia},
  author={Insel, Thomas R},
  journal={Nature},
  volume={468},
  number={7321},
  pages={187--193},
  year={2010},
  publisher={Nature Publishing Group UK London}
}

@article{baldwin2022deep,
  title={Deep learning does not replace Bayesian modeling: Comparing research use via citation counting},
  author={Baldwin, Breck},
  journal={Applied AI Letters},
  volume={3},
  number={1},
  pages={e62},
  year={2022},
  publisher={Wiley Online Library}
}

@article{paszke2017automatic,
  title={Automatic differentiation in pytorch},
  author={Paszke, Adam and Gross, Sam and Chintala, Soumith and Chanan, Gregory and Yang, Edward and DeVito, Zachary and Lin, Zeming and Desmaison, Alban and Antiga, Luca and Lerer, Adam},
  year={2017}
}

@article{van2014precise,
  title={Precise minds in uncertain worlds: predictive coding in autism.},
  author={Van de Cruys, Sander and Evers, Kris and Van der Hallen, Ruth and Van Eylen, Lien and Boets, Bart and De-Wit, Lee and Wagemans, Johan},
  journal={Psychological review},
  volume={121},
  number={4},
  pages={649},
  year={2014},
  publisher={American Psychological Association}
}

@article{sterzer2018predictive,
  title={The predictive coding account of psychosis},
  author={Sterzer, Philipp and Adams, Rick A and Fletcher, Paul and Frith, Chris and Lawrie, Stephen M and Muckli, Lars and Petrovic, Predrag and Uhlhaas, Peter and Voss, Martin and Corlett, Philip R},
  journal={Biological psychiatry},
  volume={84},
  number={9},
  pages={634--643},
  year={2018},
  publisher={Elsevier}
}

@article{dorph2017postmortem,
  title={Postmortem structural studies of the thalamus in schizophrenia},
  author={Dorph-Petersen, Karl-Anton and Lewis, David A},
  journal={Schizophrenia Research},
  volume={180},
  pages={28--35},
  year={2017},
  publisher={Elsevier}
}

@article{heindorf2022reduction,
  title={Reduction of Layer 5 Mediated Long-Range Cortical Communication by Antipsychotic Drugs},
  author={Heindorf, Matthias and Keller, Georg B},
  journal={bioRxiv},
  year={2022}
}

@article{meunier2010modular,
  title={Modular and hierarchically modular organization of brain networks},
  author={Meunier, David and Lambiotte, Renaud and Bullmore, Edward T},
  journal={Frontiers in neuroscience},
  volume={4},
  pages={200},
  year={2010},
  publisher={Frontiers Research Foundation}
}

@article{liao2017small,
  title={Small-world human brain networks: perspectives and challenges},
  author={Liao, Xuhong and Vasilakos, Athanasios V and He, Yong},
  journal={Neuroscience \& Biobehavioral Reviews},
  volume={77},
  pages={286--300},
  year={2017},
  publisher={Elsevier}
}

@article{watts1998collective,
  title={Collective dynamics of ‘small-world’networks},
  author={Watts, Duncan J and Strogatz, Steven H},
  journal={nature},
  volume={393},
  number={6684},
  pages={440--442},
  year={1998},
  publisher={Nature Publishing Group}
}

@article{ladret2023kernel,
  title={Kernel Heterogeneity Improves Sparseness of Natural Images Representations},
  author={Ladret, Hugo J and Casanova, Christian and Perrinet, Laurent Udo},
  journal={arXiv preprint arXiv:2312.14685},
  year={2023}
}

@article{cortes2023pulvinar,
  title={The pulvinar as a hub of visual processing and cortical integration},
  author={Cortes, Nelson and Ladret, Hugo J and Abbas-Farishta, Reza and Casanova, Christian},
  journal={Trends in Neurosciences},
  year={2023},
  publisher={Elsevier Current Trends}
}

@article{diudea1998wiener,
  title={Wiener-type topological indices},
  author={Diudea, Mircea V and Gutman, Ivan},
  journal={Croatica chemica acta},
  volume={71},
  number={1},
  pages={21--51},
  year={1998},
  publisher={Hrvatsko kemijsko dru{\v{s}}tvo}
}

@article{farahani2019application,
  title={Application of graph theory for identifying connectivity patterns in human brain networks: a systematic review},
  author={Farahani, Farzad V and Karwowski, Waldemar and Lighthall, Nichole R},
  journal={frontiers in Neuroscience},
  volume={13},
  pages={585},
  year={2019},
  publisher={Frontiers Media SA}
}

@article{bullmore2012economy,
  title={The economy of brain network organization},
  author={Bullmore, Ed and Sporns, Olaf},
  journal={Nature reviews neuroscience},
  volume={13},
  number={5},
  pages={336--349},
  year={2012},
  publisher={Nature Publishing Group UK London}
}

@inproceedings{jeremie2023retinotopy,
  title={Retinotopy improves the categorisation and localisation of visual objects in CNNs},
  author={J{\'e}r{\'e}mie, Jean-Nicolas and Dauc{\'e}, Emmanuel and Perrinet, Laurent U},
  booktitle={International Conference on Artificial Neural Networks},
  pages={574--584},
  year={2023},
  organization={Springer}
}

@article{ledoit2003honey,
  title={Honey, I shrunk the sample covariance matrix},
  author={Ledoit, Olivier and Wolf, Michael},
  journal={UPF economics and business working paper},
  number={691},
  year={2003}
}

@article{bondy2018feedback,
  title={Feedback determines the structure of correlated variability in primary visual cortex},
  author={Bondy, Adrian G and Haefner, Ralf M and Cumming, Bruce G},
  journal={Nature neuroscience},
  volume={21},
  number={4},
  pages={598--606},
  year={2018},
  publisher={Nature Publishing Group US New York}
}

@article{cliff2023unifying,
  title={Unifying pairwise interactions in complex dynamics},
  author={Cliff, Oliver M and Bryant, Annie G and Lizier, Joseph T and Tsuchiya, Naotsugu and Fulcher, Ben D},
  journal={Nature Computational Science},
  pages={1--11},
  year={2023},
  publisher={Nature Publishing Group US New York}
}

@article{ledoit2004well,
  title={A well-conditioned estimator for large-dimensional covariance matrices},
  author={Ledoit, Olivier and Wolf, Michael},
  journal={Journal of multivariate analysis},
  volume={88},
  number={2},
  pages={365--411},
  year={2004},
  publisher={Elsevier}
}

@article{priebe2006tuning,
  title={Tuning for spatiotemporal frequency and speed in directionally selective neurons of macaque striate cortex},
  author={Priebe, Nicholas J and Lisberger, Stephen G and Movshon, J Anthony},
  journal={Journal of Neuroscience},
  volume={26},
  number={11},
  pages={2941--2950},
  year={2006},
  publisher={Soc Neuroscience}
}

@article{super2005chronic,
  title={Chronic multiunit recordings in behaving animals: advantages and limitations},
  author={Super, Hans and Roelfsema, Pieter R},
  journal={Progress in brain research},
  volume={147},
  pages={263--282},
  year={2005},
  publisher={Elsevier}
}

@article{chen20221024,
  title={1024-channel electrophysiological recordings in macaque V1 and V4 during resting state},
  author={Chen, Xing and Morales-Gregorio, Aitor and Sprenger, Julia and Kleinjohann, Alexander and Sridhar, Shashwat and Van Albada, Sacha J and Gr{\"u}n, Sonja and Roelfsema, Pieter R},
  journal={Scientific data},
  volume={9},
  number={1},
  pages={77},
  year={2022},
  publisher={Nature Publishing Group UK London}
}

@article{ni2018learning,
  title={Learning and attention reveal a general relationship between population activity and behavior},
  author={Ni, Amy M and Ruff, Douglas A and Alberts, Joshua J and Symmonds, Jen and Cohen, Marlene R},
  journal={Science},
  volume={359},
  number={6374},
  pages={463--465},
  year={2018},
  publisher={American Association for the Advancement of Science}
}

@article{lange2023weak,
  title={Weak evidence for neural correlates of task-switching in macaque V1},
  author={Lange, Richard D and G{\'o}mez-Laberge, Camille and Berezovskii, Vladimir K and Pletenev, Anton and Sherdil, Ariana and Hartmann, Till and Haefner, Ralf M and Born, Richard T},
  journal={Journal of Neurophysiology},
  volume={129},
  number={5},
  pages={1021--1044},
  year={2023},
  publisher={American Physiological Society Rockville, MD}
}

@article{grimaldi2023learning,
  title={Learning heterogeneous delays in a layer of spiking neurons for fast motion detection},
  author={Grimaldi, Antoine and Perrinet, Laurent U},
  journal={Biological Cybernetics},
  pages={1--15},
  year={2023},
  publisher={Springer}
}

@article{perrinet2014active,
  title={Active inference, eye movements and oculomotor delays},
  author={Perrinet, Laurent U and Adams, Rick A and Friston, Karl J},
  journal={Biological cybernetics},
  volume={108},
  pages={777--801},
  year={2014},
  publisher={Springer}
}

@article{baudot2013animation,
  title={Animation of natural scene by virtual eye-movements evokes high precision and low noise in V1 neurons},
  author={Baudot, Pierre and Levy, Manuel and Marre, Olivier and Monier, Cyril and Pananceau, Marc and Fr{\'e}gnac, Yves},
  journal={Frontiers in neural circuits},
  volume={7},
  pages={206},
  year={2013},
  publisher={Frontiers Media SA}
}

@article{shepherd2011microcircuit,
  title={The microcircuit concept applied to cortical evolution: from three-layer to six-layer cortex},
  author={Shepherd, Gordon M},
  journal={Frontiers in neuroanatomy},
  volume={5},
  pages={30},
  year={2011},
  publisher={Frontiers Research Foundation}
}

@article{sprevak2021predictive,
  title={Predictive coding II: The computational level},
  author={Sprevak, Mark},
  year={2021}
}

@article{lu2023widefield,
  title={Widefield imaging of rapid pan-cortical voltage dynamics with an indicator evolved for one-photon microscopy},
  author={Lu, Xiaoyu and Wang, Yunmiao and Liu, Zhuohe and Gou, Yueyang and Jaeger, Dieter and St-Pierre, Fran{\c{c}}ois},
  journal={Nature Communications},
  volume={14},
  number={1},
  pages={6423},
  year={2023},
  publisher={Nature Publishing Group UK London}
}

@article{troyer1998contrast,
  title={Contrast-invariant orientation tuning in cat visual cortex: thalamocortical input tuning and correlation-based intracortical connectivity},
  author={Troyer, Todd W and Krukowski, Anton E and Priebe, Nicholas J and Miller, Kenneth D},
  journal={Journal of Neuroscience},
  volume={18},
  number={15},
  pages={5908--5927},
  year={1998},
  publisher={Soc Neuroscience}
}

@article{finn2007emergence,
  title={The emergence of contrast-invariant orientation tuning in simple cells of cat visual cortex},
  author={Finn, Ian M and Priebe, Nicholas J and Ferster, David},
  journal={Neuron},
  volume={54},
  number={1},
  pages={137--152},
  year={2007},
  publisher={Elsevier}
}

@article{britten1992analysis,
  title={The analysis of visual motion: a comparison of neuronal and psychophysical performance},
  author={Britten, Kenneth H and Shadlen, Michael N and Newsome, William T and Movshon, J Anthony},
  journal={Journal of Neuroscience},
  volume={12},
  number={12},
  pages={4745--4765},
  year={1992},
  publisher={Soc Neuroscience}
}

@article{benigno2023waves,
  title={Waves traveling over a map of visual space can ignite short-term predictions of sensory input},
  author={Benigno, Gabriel B and Budzinski, Roberto C and Davis, Zachary W and Reynolds, John H and Muller, Lyle},
  journal={Nature Communications},
  volume={14},
  number={1},
  pages={3409},
  year={2023},
  publisher={Nature Publishing Group UK London}
}

@article{suzuki2020general,
  title={General anesthesia decouples cortical pyramidal neurons},
  author={Suzuki, Mototaka and Larkum, Matthew E},
  journal={Cell},
  volume={180},
  number={4},
  pages={666--676},
  year={2020},
  publisher={Elsevier}
}

@article{yamamoto2018aberrant,
  title={Aberrant functional connectivity between the thalamus and visual cortex is related to attentional impairment in schizophrenia},
  author={Yamamoto, Maeri and Kushima, Itaru and Suzuki, Ryohei and Branko, Aleksic and Kawano, Naoko and Inada, Toshiya and Iidaka, Tetsuya and Ozaki, Norio},
  journal={Psychiatry Research: Neuroimaging},
  volume={278},
  pages={35--41},
  year={2018},
  publisher={Elsevier}
}

@article{penner2018higher,
  title={Higher order thalamic nuclei resting network connectivity in early schizophrenia and major depressive disorder},
  author={Penner, Jacob and Osuch, Elizabeth A and Schaefer, Betsy and Th{\'e}berge, Jean and Neufeld, Richard WJ and Menon, Ravi S and Rajakumar, Nagalingam and Bourne, James A and Williamson, Peter C},
  journal={Psychiatry Research: Neuroimaging},
  volume={272},
  pages={7--16},
  year={2018},
  publisher={Elsevier}
}

@article{katzel2011columnar,
  title={The columnar and laminar organization of inhibitory connections to neocortical excitatory cells},
  author={K{\"a}tzel, Dennis and Zemelman, Boris V and Buetfering, Christina and W{\"o}lfel, Markus and Miesenb{\"o}ck, Gero},
  journal={Nature neuroscience},
  volume={14},
  number={1},
  pages={100--107},
  year={2011},
  publisher={Nature Publishing Group US New York}
}

@article{fruchterman1991graph,
  title={Graph drawing by force-directed placement},
  author={Fruchterman, Thomas MJ and Reingold, Edward M},
  journal={Software: Practice and experience},
  volume={21},
  number={11},
  pages={1129--1164},
  year={1991},
  publisher={Wiley Online Library}
}

@article{thomson2003interlaminar,
  title={Interlaminar connections in the neocortex},
  author={Thomson, Alex M and Bannister, A Peter},
  journal={Cerebral cortex},
  volume={13},
  number={1},
  pages={5--14},
  year={2003},
  publisher={Oxford University Press}
}

@article{bair2003time,
  title={Time course and time-distance relationships for surround suppression in macaque V1 neurons},
  author={Bair, Wyeth and Cavanaugh, James R and Movshon, J Anthony},
  journal={Journal of Neuroscience},
  volume={23},
  number={20},
  pages={7690--7701},
  year={2003},
  publisher={Soc Neuroscience}
}